px,pz,start_speed,end_speed,spin_rate,spin_dir,break_angle,break_length,break_y,ax,ay,az,sz_bot,sz_top,type_confidence,vx0,vy0,vz0,x,x0,y,y0,z0,pfx_x,pfx_z,nasty,zone,code,type,pitch_type,event_num,b_score,ab_id,b_count,s_count,outs,pitch_num,on_1b,on_2b,on_3b
0.416,2.963,92.9,84.1,2305.052,159.235,-25,3.2,23.7,7.665,34.685,-11.96,1.72,3.56,2,-6.409,-136.065,-3.995,101.14,2.28,158.78,50,5.302,4.16,10.93,55,3,C,S,FF,3,0,2015000001,0,0,0,1,0,0,0
-0.191,2.347,92.8,84.1,2689.935,151.402,-40.7,3.4,23.7,12.043,34.225,-10.085,1.72,3.56,2,-8.411,-135.69,-5.98,124.28,2.119,175.41,50,5.307,6.57,12,31,5,S,S,FF,4,0,2015000001,0,1,0,2,0,0,0
-0.518,3.284,94.1,85.2,2647.972,145.125,-43.7,3.7,23.7,14.368,35.276,-11.56,1.72,3.56,2,-9.802,-137.668,-3.337,136.74,2.127,150.11,50,5.313,7.61,10.88,49,1,F,S,FF,5,0,2015000001,0,2,0,3,0,0,0
-0.641,1.221,91,84,1289.59,169.751,-1.3,5,23.8,2.104,28.354,-20.54,1.74,3.35,2,-8.071,-133.005,-6.567,109.685636,2.279,187.4634819,50,5.21,1.17,6.45,41,13,B,B,FF,6,0,2015000001,0,2,0,4,0,0,0
-1.821,2.083,75.4,69.6,1374.569,280.671,18.4,12,23.8,-10.28,21.774,-34.111,1.72,3.56,2,-6.309,-110.409,0.325,146.5275252,2.179,177.2428288,50,5.557,-8.43,-1.65,18,13,B,B,CU,7,0,2015000001,1,2,0,5,0,0,0
0.627,2.397,92.9,84.8,2743.856,148.11,-45.7,3.7,23.7,13.59,32.274,-10.333,1.72,3.56,2,-6.943,-136.012,-5.738,118.0047723,2.273,164.4670124,50,5.264,7.32,11.72,42,6,X,X,FF,8,0,2015000001,2,2,0,6,0,0,0
-1.088,1.61,93.3,85.3,2848.535,147.044,-46.3,3.6,23.7,14.549,31.469,-9.734,1.59,3.45,2,-11.032,-136.208,-7.762,141.43,2.013,205.81,50,5.179,7.79,11.97,80,13,B,B,FF,12,0,2015000002,0,0,1,1,0,0,0
-0.257,2.047,89.3,82.4,1433.743,185.948,7.3,4.8,23.8,-1.339,27.421,-19.326,1.59,3.45,0.778,-6.335,-130.711,-4.611,186.41,2.298,182.54,50,5.284,-0.77,7.38,39,7,D,X,FC,13,0,2015000002,1,0,1,2,0,0,0
1.47,2.35,92.1,85,2666.09,146.146,-45,4,23.8,13.808,28.169,-11.591,1.89,3.46,2,-5.075,-134.873,-5.723,93.1,2.402,174.06,50,5.31,7.46,11.09,42,14,B,B,FF,17,0,2015000003,0,0,1,1,0,1,0
-1.337,1.898,89.3,82,1384.143,174.388,2,4.9,23.8,1.218,28.828,-19.782,1.81,3.52,0.648,-9.239,-130.512,-4.904,135.8314928,2.165,182.9919462,50,5.302,0.71,7.18,34,13,B,B,FF,18,0,2015000003,1,0,1,2,0,1,0
-0.286,1.83,92.6,84.4,2475.323,137.145,-39,4.8,23.7,15.709,32.602,-15.243,1.95,3.52,2,-9.247,-135.366,-6.13,116.8163242,2.08,165.744594,50,5.211,8.56,9.19,48,13,E,X,FF,19,0,2015000003,2,0,1,3,0,1,0
0.2,2.643,90.5,83.7,2186.173,119.214,-34.4,6.3,23.8,17.411,26.452,-22.438,1.73,3.68,2,-8.704,-132.38,-2.685,109.38,2.253,167.42,50,5.301,9.74,5.41,40,5,F,S,SI,25,1,2015000004,0,0,1,1,1,0,0
-0.741,2.93,90.6,83,2234.961,154.197,-25.5,3.7,23.8,8.889,29.431,-13.79,1.73,3.68,2,-8.801,-132.554,-3.666,145.25,1.977,159.67,50,5.343,5.02,10.33,49,11,F,S,FF,26,1,2015000004,0,1,1,2,1,0,0
-0.711,1.971,76.3,71.2,818.89,283.898,11.6,11,23.9,-6.127,19.641,-33.69,1.73,3.68,2,-5.266,-111.822,-0.053,144.1,2.299,185.56,50,5.443,-4.83,-1.25,45,13,S,S,CU,27,1,2015000004,0,2,1,3,1,0,0
-1.539,1.525,91.6,84.5,2248.792,154.853,-23.8,3.6,23.8,8.804,27.829,-13.421,1.68,3.57,2,-11.143,-133.652,-7.151,175.66,2.047,197.61,50,5.192,4.85,10.29,55,13,B,B,FF,31,1,2015000005,0,0,2,1,1,0,0
-0.881,1.888,93.1,85.3,2697.793,151.814,-40,3.3,23.8,11.942,30.614,-9.89,1.68,3.57,2,-10.439,-135.959,-7.183,150.58,2.182,187.8,50,5.255,6.4,11.9,62,13,F,S,FF,32,1,2015000005,1,0,2,2,1,0,0
0.096,2.794,91.1,83.8,2214.735,148.444,-30.3,4.1,23.8,10.656,28.744,-14.824,1.68,3.57,2,-7.273,-133.377,-3.73,113.34,2.089,163.34,50,5.28,5.92,9.59,25,5,F,S,FF,33,1,2015000005,1,1,2,3,1,0,0
-0.365,1.518,92.4,84.6,2439.131,140.729,-37.2,4.5,23.8,14.373,30.975,-14.596,1.68,3.57,2,-9.375,-135.055,-7.179,130.91,2.144,197.79,50,5.248,7.83,9.53,51,13,F,S,FF,34,1,2015000005,1,2,2,4,1,0,0
-1.681,0.875,89.3,82.9,1000.504,187.948,7,5.8,23.8,-1.244,26.386,-23.266,1.68,3.57,0.763,-9.531,-130.424,-6.624,181.08,2.108,215.16,50,5.192,-0.72,5.11,27,13,S,S,FC,35,1,2015000005,1,2,2,5,1,0,0
-1.585,1.72,89.5,82.2,2357.29,230.354,38,6,23.8,-16.39,29.322,-18.593,1.69,3.63,2,2.889,-131.001,-7.351,177.42,-1.474,192.34,50,5.967,-9.49,7.82,48,13,B,B,SI,41,0,2015000006,0,0,0,1,0,0,0
0.008,2.602,87.5,80.7,1307.695,167.036,-8.1,5.4,23.8,2.592,26.888,-20.916,1.69,3.97,2,2.704,-128.166,-4.912,116.7,-1.264,168.53,50,6.18,1.56,6.73,18,5,D,X,FC,42,0,2015000006,1,0,0,2,0,0,0
0.015,2.287,91.6,84,2067.215,203.022,21.7,3.9,23.8,-7.473,30.553,-14.589,1.61,3.59,2,4.558,-134.094,-7.333,116.43,-1.175,177.03,50,6.109,-4.13,9.67,41,5,F,S,FF,46,0,2015000007,0,0,0,1,0,1,0
1.703,0.22,76.1,69.8,1844.187,38.345,-12.2,15.1,23.8,8.791,26.299,-43.287,1.61,3.46,2,4.366,-111.47,-3.288,52.09,-1.243,232.84,50,6.333,7.23,-9.2,12,14,*B,B,CU,47,0,2015000007,0,1,0,2,0,1,0
0.687,1.97,87.2,81.2,1084.687,164.325,-7.8,5.9,23.9,2.58,24.596,-22.981,1.61,3.59,2,4.243,-127.708,-6.167,90.81,-1.193,185.59,50,6.206,1.55,5.48,49,9,S,S,FC,49,0,2015000007,1,1,0,3,0,1,0
0.788,1.808,89.3,83.3,1645.645,175.253,-6.2,4.4,23.9,1.227,24.591,-17.403,1.61,3.59,0.821,4.729,-130.668,-7.771,86.96,-1.128,189.96,50,6.102,0.7,8.4,57,14,X,X,FC,50,0,2015000007,1,2,0,4,0,1,0
0.807,-0.489,76.5,70.2,1883.009,41.996,-12.8,15,23.8,9.728,26.916,-42.979,1.83,3.68,2,1.887,-112.017,-5.046,86.24,-1.084,0,50,6.355,7.94,-8.88,84,14,*B,B,CU,55,0,2015000008,0,0,1,1,0,0,1
-0.17,3.196,88,81.8,1379.187,154.203,-14.5,5.4,23.8,5.336,24.742,-21.135,1.66,3.59,2,1.834,-128.975,-3.696,123.48,-1.297,152.49,50,6.262,3.14,6.46,31,2,S,S,FC,56,0,2015000008,1,0,1,2,0,0,1
0.815,2.319,91.8,83.7,2087.685,182.419,-1.3,3.3,23.7,-0.816,32.19,-12.872,1.83,3.74,2,4.934,-134.254,-7.747,85.93,-0.997,176.17,50,6.181,-0.45,10.66,52,14,C,S,FF,57,0,2015000008,1,1,1,3,0,0,1
0.937,-0.95,77.6,71.2,1808.845,31.343,-9.7,15,23.8,7.366,27.943,-44.268,1.77,3.54,2,2.753,-113.575,-6.049,81.28,-1.066,0,50,6.332,5.86,-9.67,38,14,*B,B,CU,58,0,2015000008,1,2,1,4,0,0,1
-1.227,1.872,84.3,78.2,732.443,123.52,-9.9,7.9,23.8,5.201,24.571,-28.729,1.78,3.59,2,-0.217,-123.568,-4.58,163.77,-1.575,188.24,50,6.163,3.36,2.18,58,13,C,S,FC,59,0,2015000008,2,2,1,5,0,0,1
1.257,0.52,88.8,82.1,1610.381,163.057,-14.2,5.1,23.8,4.194,27.699,-18.408,1.62,3.47,2,5.314,-129.645,-10.67,69.09,-1.142,224.74,50,6.1,2.47,8.06,60,14,*B,B,FC,63,0,2015000009,0,0,2,1,0,0,1
0.677,0.901,76,69.6,1897.061,41.377,-12.9,14.9,23.8,9.627,25.703,-43.102,1.54,3.37,2,1.985,-111.376,-2.062,91.19,-1.259,214.45,50,6.425,7.91,-9.04,34,14,B,B,CU,64,0,2015000009,1,0,2,2,0,0,1
0.346,2.334,91.7,84.6,1753.962,195.894,11.2,4.1,23.8,-4.443,28.686,-16.572,1.54,3.37,2,4.383,-134.182,-6.738,103.81,-0.992,175.76,50,6.056,-2.43,8.51,30,6,F,S,FF,65,0,2015000009,2,0,2,3,0,0,1
0.2,2.215,87.5,80.7,845.565,144.013,-10.3,6.8,23.8,4.39,27.447,-26.129,1.54,3.37,2,2.848,-128.182,-4.976,109.38,-1.271,178.98,50,6.231,2.65,3.6,32,5,X,X,FC,66,0,2015000009,2,1,2,4,0,0,1
0.598,3.51,87.3,80.6,1712.225,161.503,-11.6,4.5,23.8,4.792,25.494,-17.851,1.57,3.51,2,-5.401,-127.972,-1.564,94.21,2.358,144.01,50,5.522,2.88,8.56,70,3,B,B,FC,72,1,2015000010,0,0,0,1,0,0,0
-0.195,2.613,86.9,80.2,1433.995,159.291,-8.5,5.2,23.8,4.448,25.684,-20.409,1.57,3.51,2,-6.796,-127.25,-3.076,124.43,2.157,168.23,50,5.45,2.71,7.12,24,5,S,S,FC,73,1,2015000010,1,0,0,2,0,0,0
-0.028,1.778,83.1,76.2,2146.28,111.976,-29.8,8.2,23.8,16.668,25.539,-25.448,1.57,3.51,2,-8.545,-121.495,-3.271,118.07,2.088,190.77,50,5.372,11.24,4.49,29,8,S,S,CH,74,1,2015000010,1,1,0,3,0,0,0
1.253,2.26,91.4,83.5,2597.251,156.275,-36.5,3.3,23.7,9.645,31.108,-10.23,1.57,3.51,2,-4.54,-133.893,-6.073,69.24,2.282,177.76,50,5.302,5.36,12.15,54,14,S,S,FF,75,1,2015000010,1,2,0,4,0,0,0
-0.514,2.545,91.2,83.9,2094.366,151.332,-24.7,4,23.8,9.239,28.471,-15.277,1.45,3.13,2,-8.571,-133.401,-4.362,136.59,2.074,170.07,50,5.301,5.12,9.33,58,4,S,S,FF,79,1,2015000011,0,0,1,1,0,0,0
-1.487,1.782,92.8,84.6,2237.375,150.452,-26.4,3.8,23.7,10.304,32.465,-13.998,1.45,3.13,2,-11.109,-135.48,-6.578,173.68,1.958,190.67,50,5.239,5.6,9.84,29,13,B,B,FF,80,1,2015000011,0,1,1,2,0,0,0
-1.33,3.179,75.6,70.4,1229.422,282.356,16.5,11.5,23.9,-9.162,19.22,-34.181,1.45,3.13,2,-5.736,-110.68,2.482,167.7,2.249,152.95,50,5.615,-7.36,-1.67,26,11,B,B,CU,81,1,2015000011,1,1,1,3,0,0,0
-0.509,1.303,91.7,84,2332.634,149.689,-30.3,4,23.8,10.871,30.201,-13.58,1.45,3.13,2,-8.858,-133.96,-7.628,136.4,2.067,203.6,50,5.167,6.01,10.24,53,13,B,B,FF,82,1,2015000011,2,1,1,4,0,0,0
-0.201,2.143,90.4,83.2,2287.022,160.086,-22,3.4,23.8,7.103,28.198,-12.569,1.45,3.13,2,-7.405,-132.276,-5.747,124.66,2.114,180.92,50,5.266,4.01,11.02,29,5,S,S,FF,83,1,2015000011,3,1,1,5,0,0,0
0.249,1.977,91.4,83.4,2533.431,156.756,-32,3.3,23.7,9.214,31.105,-10.723,1.45,3.13,2,-6.799,-133.693,-6.666,107.51,2.168,185.4,50,5.287,5.13,11.91,34,9,F,S,FF,84,1,2015000011,3,2,1,6,0,0,0
0.658,3.823,89,81.7,2192.353,152.912,-27.7,4,23.8,8.971,27.738,-14.635,1.45,3.13,2,-5.457,-130.365,-1.277,91.92,2.102,135.56,50,5.426,5.22,10.16,42,12,B,B,FF,85,1,2015000011,3,2,1,7,0,0,0
-0.326,2.904,90.5,82.4,2584.797,147.841,-38.9,3.9,23.7,12.556,31.027,-12.205,1.58,3.49,2,-8.563,-132.396,-3.854,129.43,2.037,160.37,50,5.286,7.15,11.33,53,1,F,S,FF,89,1,2015000012,0,0,1,1,1,0,0
-0.335,2.322,90.7,82.5,2622.222,151.059,-37.4,3.6,23.7,11.599,31.646,-11.199,1.58,3.49,2,-8.659,-132.609,-5.511,129.77,2.135,176.09,50,5.263,6.6,11.89,34,4,F,S,FF,90,1,2015000012,0,1,1,2,1,0,0
-0.432,2.444,86.8,80.7,1080.777,172.506,0,5.7,23.9,1.235,23.762,-22.788,1.58,3.49,2,-6.915,-127.079,-2.68,133.47,2.216,172.79,50,5.305,0.75,5.64,38,4,D,X,FC,91,1,2015000012,0,2,1,3,1,0,0
-0.311,2.22,91.9,83.7,2342.424,156.127,-26.7,3.5,23.7,8.784,32.32,-12.328,1.64,3.61,2,-8.019,-134.418,-5.822,128.85,2.096,178.84,50,5.309,4.86,10.93,53,7,L,S,FF,97,1,2015000013,0,0,1,1,1,0,1
-0.158,1.295,88.4,81.7,1098.023,161.754,-4.2,5.8,23.8,3.065,26.943,-22.878,1.64,3.61,0.693,-6.822,-129.329,-5.535,123.02,2.279,203.82,50,5.217,1.81,5.44,45,13,L,S,FC,98,1,2015000013,0,1,1,2,1,0,1
-0.614,3.961,89.6,81.6,2032.072,160.325,-15.9,3.7,23.7,6.188,30.718,-14.869,1.64,3.61,2,-8.15,-131.209,-0.927,140.4,2.082,131.83,50,5.44,3.59,10,56,11,F,S,FF,99,1,2015000013,0,2,1,3,1,0,1
-0.332,1.432,86.8,81.3,1179.409,181.141,3.1,5.5,23.9,-0.206,22.255,-21.85,1.64,3.61,2,-6.477,-127.02,-5.31,129.66,2.25,200.12,50,5.251,-0.12,6.18,52,13,F,S,FC,100,1,2015000013,0,2,1,4,1,0,1
-1.008,1.418,75,69.2,1080.44,292.267,13.4,12.3,23.8,-7.571,22.025,-35.274,1.64,3.61,2,-5.365,-109.853,-0.542,155.42,2.294,200.49,50,5.464,-6.28,-2.64,60,13,F,S,CU,101,1,2015000013,0,2,1,5,1,0,1
1.238,2.573,90.5,82.9,2338.021,157.376,-28.4,3.5,23.8,8.222,29.874,-12.447,1.64,3.61,2,-4.248,-132.616,-4.655,69.81,2.262,169.31,50,5.267,4.64,11.1,44,14,C,S,FF,102,1,2015000013,0,2,1,6,1,0,1
-0.389,2.689,87.5,80.9,1012.597,177.054,2.1,5.8,23.8,0.46,25.799,-23.24,1.72,3.56,2,-6.868,-128.17,-2.081,131.83,2.287,166.18,50,5.321,0.28,5.31,46,4,E,X,FC,106,1,2015000014,0,0,2,1,1,0,1
-1.109,3.594,88.1,80.7,2233.57,144.455,-29.9,4.6,23.8,11.532,27.576,-16.034,1.59,3.45,2,-10.127,-128.845,-1.325,159.27,1.984,141.74,50,5.359,6.88,9.59,83,11,B,B,FF,114,2,2015000015,0,0,2,1,1,0,1
0.583,3.549,85,78.8,990.102,144.92,-12,6.7,23.8,4.886,23.909,-25.217,1.47,3.27,2,3.139,-124.569,-1.855,94.78,-1.093,142.96,50,6.378,3.09,4.36,71,12,B,B,FC,121,0,2015000016,0,0,0,1,0,0,0
-1.193,2.679,90,82.4,1948.686,182.86,3.3,3.7,23.8,-0.884,29.811,-14.491,1.47,3.27,2,-0.189,-131.813,-6.19,162.47,-1.054,166.45,50,6.14,-0.51,10.08,50,11,B,B,FF,122,0,2015000016,1,0,0,2,0,0,0
-0.22,2.078,87.2,80.8,1486.072,159.272,-13,5.3,23.8,4.629,25.508,-19.943,1.47,3.27,2,1.505,-127.671,-6.276,125.39,-1.179,182.67,50,6.13,2.8,7.34,34,5,D,X,FC,123,0,2015000016,2,0,0,3,0,0,0
-0.869,0.48,90,82.2,2515.142,224.492,39.2,5.6,23.7,-15.969,31.092,-15.92,1.57,3.5,0.898,4.175,-131.434,-10.949,150.12,-1.288,225.82,50,5.916,-9.24,9.37,62,13,*B,B,SI,127,0,2015000017,0,0,0,1,0,1,0
0.071,1.899,86.2,80.6,1162.937,150.262,-12.4,6.2,23.9,5.02,22.689,-23.387,1.57,3.5,2,2.27,-126.247,-6.068,114.29,-1.236,187.51,50,6.184,3.07,5.33,28,8,F,S,FC,128,0,2015000017,1,0,0,2,0,1,0
-0.652,3.016,89.3,82.2,1835.761,181.605,0.4,3.9,23.8,-0.464,27.688,-15.631,1.57,3.5,2,1.776,-130.789,-5.263,141.85,-1.305,157.35,50,6.227,-0.27,9.51,47,1,C,S,FF,129,0,2015000017,1,1,0,3,0,1,0
1.62,-1.66,78.2,72.1,1940.961,38.866,-12.5,14.9,23.8,9.599,27.694,-44.084,1.57,3.5,2,3.674,-114.336,-7.577,55.25,-1,0,50,6.196,7.5,-9.37,12,14,*B,B,CU,130,0,2015000017,1,2,0,4,0,1,0
-1.574,2.154,83.5,77.5,668.029,116.297,-9.2,8.2,23.8,5.055,23.828,-29.676,1.57,3.5,2,-0.865,-122.454,-3.709,177,-1.648,180.62,50,6.223,3.32,1.59,22,13,B,B,FC,131,0,2015000017,2,2,0,5,0,1,0
0.031,2.166,91.3,83.3,1913.928,183.073,0.8,3.7,23.7,-0.946,31.895,-14.565,1.57,3.5,2,3.182,-133.671,-7.344,89.23092378,-1.112,178.5598702,50,6.018,-0.53,9.8,24,8,F,S,FF,132,0,2015000017,3,2,0,6,0,1,0
1.578,0.829,76.6,70.8,1862.386,39.747,-12.6,14.6,23.8,9.213,24.205,-43.252,1.57,3.5,2,3.62,-112.24,-2.399,98.27195978,-1.024,231.6910251,50,6.402,7.37,-8.93,12,14,W,S,CU,133,0,2015000017,3,2,0,7,0,1,0
0.865,2.673,86.7,80.3,1210.334,155.684,-12.4,5.9,23.8,4.362,25.401,-22.521,1.67,3.67,2,4.297,-126.972,-4.653,84.03,-1.193,166.61,50,6.315,2.67,5.85,62,12,F,S,FC,137,0,2015000018,0,0,1,1,0,1,0
0.487,2.332,89.2,81.8,1675.017,190.16,5.3,4.5,23.8,-2.659,29.152,-17.339,1.67,3.67,2,4.333,-130.538,-6.559,98.44,-0.997,175.82,50,6.196,-1.55,8.61,38,9,X,X,FF,138,0,2015000018,0,1,1,2,0,1,0
0.38,2.801,86.7,79.7,1701.467,163.563,-14.4,4.9,23.8,4.213,27.025,-17.895,1.63,3.62,2,3.235,-126.941,-5.19,102.52,-1.249,163.15,50,6.306,2.59,8.74,48,6,C,S,FC,143,0,2015000019,0,0,2,1,0,0,1
-0.126,3.072,86.3,80.1,1105.252,165.136,-7,5.9,23.8,2.472,24.4,-22.861,1.63,3.62,2,2.326,-126.478,-3.688,121.8,-1.252,155.84,50,6.37,1.52,5.67,28,2,F,S,FC,144,0,2015000019,0,1,2,2,0,0,1
-0.317,2.771,89.7,82.9,1371.679,177.918,-2.2,4.8,23.8,0.452,27.594,-19.753,1.63,3.62,2,1.767,-131.46,-5.197,129.08,-1.032,163.96,50,6.238,0.26,7.05,29,4,C,S,FF,145,0,2015000019,0,2,2,3,0,0,1
0.088,2.468,91.1,83.2,2642.51,140.802,-42.9,4.5,23.7,15.342,30.581,-13.362,1.59,3.45,2,-8.308,-133.273,-5.018,113.65,2.14,172.14,50,5.351,8.59,10.49,39,5,D,X,FF,151,2,2015000020,0,0,0,1,0,0,0
-0.648,4.525,90.5,83,2001.108,145.492,-26.4,4.3,23.8,10.348,28.651,-17.123,1.82,3.67,2,-8.91,-132.42,0.689,141.7,2.004,116.6,50,5.516,5.84,8.45,57,11,B,B,FF,155,2,2015000021,0,0,0,1,0,1,0
0.975,3.347,90.5,82.7,1909.726,146.218,-25.2,4.6,23.7,9.702,30.203,-17.672,1.82,3.67,2,-5.27,-132.55,-1.932,79.84,2.282,148.41,50,5.385,5.49,8.17,59,12,B,B,FF,156,2,2015000021,1,0,0,2,0,1,0
-0.107,1.958,87.2,81.6,1359.572,188.355,7.2,5.1,23.9,-1.74,22.686,-20.329,1.82,3.67,2,-5.571,-127.753,-4.585,121.08,2.224,185.91,50,5.344,-1.04,7.02,39,8,F,S,FC,157,2,2015000021,2,0,0,3,0,1,0
1.024,3.08,86.8,80,1058.938,208.298,11.6,6.1,23.8,-4.406,26.677,-23.991,1.82,3.67,2,-2.774,-127.328,-1.06,77.97,2.478,155.62,50,5.404,-2.69,4.95,51,12,C,S,FC,158,2,2015000021,2,1,0,4,0,1,0
-0.763,1.451,76.1,69.9,1403.229,282.47,18,12,23.8,-10.527,23.549,-34.502,1.82,3.67,2,-4.344,-111.467,-0.958,146.08,2.33,199.6,50,5.508,-8.53,-1.95,56,13,F,S,CU,159,2,2015000021,2,2,0,5,0,1,0
0.705,2.215,91.8,83.9,2175.138,143.832,-31.5,4.5,23.7,11.896,31.417,-15.902,1.82,3.67,2,-6.258,-134.442,-5.19,90.13,2.221,178.98,50,5.314,6.55,8.92,49,9,F,S,FF,160,2,2015000021,2,2,0,6,0,1,0
-0.382,2.414,88.8,82,1090.88,155.579,-6.2,5.7,23.8,4.041,26.891,-23.275,1.82,3.67,2,-7.309,-129.98,-3.001,131.56,2.158,173.6,50,5.348,2.36,5.15,40,7,X,X,FC,161,2,2015000021,2,2,0,7,0,1,0
-0.042,1.848,76,69.9,1013.917,274.378,14.2,11.1,23.8,-7.759,22.369,-32.768,1.73,3.68,2,-3.336,-111.346,-0.578,118.6,2.295,188.88,50,5.539,-6.26,-0.54,72,8,C,S,CU,166,2,2015000022,0,0,1,1,0,0,1
-0.828,2.55,88.6,81.8,1135.156,178.646,3.2,5.4,23.8,0.24,26.693,-22.033,1.73,3.68,2,-7.767,-129.643,-2.912,148.56,2.186,169.93,50,5.366,0.14,5.91,46,13,F,S,FC,167,2,2015000022,0,1,1,2,0,0,1
-0.132,3.738,91.3,83.1,2140.749,141.918,-31.1,4.5,23.7,12.162,31.749,-16.654,1.73,3.68,2,-8.192,-133.626,-1.231,122.03,2.105,137.85,50,5.414,6.8,8.64,39,11,B,B,FF,168,2,2015000022,0,2,1,3,0,0,1
1.184,2.626,92.1,84.1,2299.373,151.83,-32,3.8,23.7,10.093,31.549,-13.328,1.73,3.7,2,-4.766,-134.887,-4.655,71.87,2.263,167.88,50,5.326,5.52,10.27,49,14,C,S,FF,169,2,2015000022,1,2,1,4,0,0,1
-0.838,3.593,75.6,69.9,1244.061,276.97,17.3,11.3,23.8,-9.431,20.546,-33.327,1.68,3.57,2,-4.802,-110.8,3.25,148.94,2.35,141.77,50,5.599,-7.62,-0.99,100,11,B,B,CU,173,2,2015000023,0,0,2,1,0,0,1
-1.482,1.956,73.5,68.1,1211.773,283.178,15.8,12.4,23.8,-8.751,20.121,-34.223,1.68,3.57,2,-5.876,-107.604,0.537,173.49,2.27,185.97,50,5.52,-7.53,-1.83,20,13,B,B,CU,174,2,2015000023,1,0,2,2,0,0,1
-0.683,2.866,86.3,79.9,907.556,184.724,4.6,6.2,23.8,-0.651,24.748,-24.3,1.68,3.57,2,-7.284,-126.3,-1.441,143.03,2.285,161.4,50,5.39,-0.4,4.81,43,4,X,X,FC,175,2,2015000023,2,0,2,3,0,0,1
-0.951,3.113,87.2,80.6,1841.013,213.736,23.6,5.2,23.8,-9.004,25.618,-18.692,1.52,3.39,2,2.688,-127.758,-3.923,153.25,-1.31,154.73,50,6.132,-5.43,8.09,76,11,B,B,FF,181,0,2015000024,0,0,0,1,0,0,0
1.099,1.567,86.4,80.5,1722.073,184.334,0.6,4.6,23.9,-1.134,23.288,-17.219,1.52,3.39,2,5.471,-126.352,-7.951,75.11,-0.995,196.47,50,6.112,-0.69,9.11,66,14,B,B,FC,182,0,2015000024,1,0,0,2,0,0,0
0.086,1.888,88.6,81.3,1921.532,202.213,17.4,4.5,23.8,-6.493,28.872,-16.275,1.52,3.39,2,4.085,-129.664,-7.572,113.72,-1.016,187.8,50,6.103,-3.84,9.36,29,8,C,S,FF,183,0,2015000024,2,0,0,3,0,0,0
0.83,2.09,85.9,80.1,1587.679,171.709,-7.9,5,23.9,1.985,22.851,-18.555,1.52,3.39,2,4.499,-125.762,-6.412,85.36,-1.133,182.35,50,6.152,1.23,8.36,56,14,F,S,FC,184,0,2015000024,2,1,0,4,0,0,0
0.919,-0.02,75.6,69.8,2050.637,31.738,-10.6,15.8,23.8,8.241,25.064,-45.497,1.52,3.39,2,2.435,-110.832,-3.245,81.97,-1.088,239.32,50,6.347,6.82,-11.09,41,14,B,B,CU,185,0,2015000024,2,2,0,5,0,0,0
-0.027,3.449,89.2,82.1,1936.139,197.868,15.6,4,23.8,-5.351,27.695,-15.577,1.52,3.39,2,3.68,-130.668,-3.996,118.03,-1.052,145.66,50,6.169,-3.1,9.56,34,11,F,S,FF,186,0,2015000024,3,2,0,6,0,0,0
0.271,2.746,86.5,80.7,1183.163,169.242,-6.2,5.6,23.9,1.929,23.119,-22.023,1.52,3.39,2,3.157,-126.698,-4.41,106.67,-1.138,164.64,50,6.244,1.17,6.13,36,6,D,X,FC,187,0,2015000024,3,2,0,7,0,0,0
0.35,3.234,88.7,82.1,1962.235,176.353,-6.5,3.7,23.8,1.119,25.997,-14.626,1.69,3.76,2,3.391,-130.005,-5.058,103.66,-1.053,151.46,50,6.306,0.65,10.16,53,3,C,S,FC,191,0,2015000025,0,0,0,1,1,0,0
-0.594,1.566,74.9,67.9,1944.848,50.18,-14.9,15,23.7,11.314,26.596,-41.607,1.69,3.76,2,-0.677,-109.884,-0.824,139.64,-1.519,196.5,50,6.522,9.63,-8.09,51,13,B,B,CU,192,0,2015000025,0,1,0,2,1,0,0
0.112,3.144,85.7,79.9,1424.401,160.322,-12.1,5.4,23.9,4.152,22.757,-20.565,1.69,3.76,2,2.405,-125.575,-3.763,112.73,-1.188,153.89,50,6.312,2.57,7.14,26,2,F,S,FC,193,0,2015000025,1,1,0,3,1,0,0
-0.219,0.348,76.6,71,2023.814,34.761,-11,15.1,23.8,8.935,24.281,-45.048,1.69,3.76,2,0.069,-112.337,-3.036,125.35,-1.174,229.38,50,6.389,7.14,-10.35,19,13,*B,B,CU,194,0,2015000025,1,2,0,4,1,0,0
-0.342,1.056,76.6,70.5,1961.332,36.112,-11.2,14.9,23.8,8.948,24.903,-44.439,1.69,3.76,2,-0.13,-112.301,-1.824,130.04,-1.211,210.27,50,6.5,7.18,-9.9,20,13,B,B,CU,195,0,2015000025,2,2,0,5,1,0,0
0.255,3.166,90,82.9,2160.492,189.62,10.2,3.3,23.8,-3.28,27.735,-12.827,1.69,3.76,2,3.808,-131.77,-5.475,107.28,-0.967,153.3,50,6.217,-1.86,10.95,32,3,X,X,FF,197,0,2015000025,3,2,0,6,1,0,0
0.941,1.441,73.9,67.5,2123.141,45.533,-15,16,23.7,11.322,25.163,-43.287,1.61,3.59,2,1.969,-108.406,-0.534,81.13,-1.266,199.87,50,6.562,9.86,-9.74,100,14,S,S,CU,201,0,2015000026,0,0,1,1,1,0,0
0.744,0.732,76.7,70.4,1944.26,38.778,-12.4,14.9,23.8,9.433,25.998,-43.915,1.61,3.59,2,2.151,-112.383,-2.4,88.64,-1.22,219.02,50,6.401,7.6,-9.52,34,14,*B,B,CU,205,0,2015000026,0,1,1,2,0,1,0
0.949,2.591,86.1,80.1,1452.443,160.995,-12.9,5.4,23.9,4.112,23.797,-20.236,1.61,3.59,2,4.19,-126.119,-5.131,80.83,-1.058,168.82,50,6.267,2.53,7.31,45,14,C,S,FC,206,0,2015000026,1,1,1,3,0,1,0
1.19,2.71,77.1,70.3,2066.481,40.72,-14,14.7,23.7,10.503,26.1,-44.376,1.61,3.59,2,2.67,-113.029,1.665,71.64,-1.101,165.61,50,6.52,8.36,-9.77,41,12,B,B,CU,207,0,2015000026,1,2,1,4,0,1,0
0.516,1.757,76.7,70.2,1961.29,37.853,-12.2,14.8,23.7,9.327,25.76,-44.175,1.61,3.59,2,1.54,-112.43,-0.235,97.33,-1.155,191.34,50,6.456,7.5,-9.71,41,9,F,S,CU,208,0,2015000026,2,2,1,5,0,1,0
0.746,3.828,89.4,82.6,1658.71,169.506,-10.9,4.3,23.8,2.728,26.706,-17.449,1.61,3.59,2,3.763,-130.983,-2.858,88.56,-0.91,135.42,50,6.232,1.56,8.4,60,12,B,B,FC,209,0,2015000026,2,2,1,6,0,1,0
1.612,1.909,85.3,79.6,911.666,139.939,-12.3,7.1,23.9,5.049,23.203,-26.17,1.61,3.59,2,5.374,-124.838,-5.511,55.55,-0.974,187.24,50,6.277,3.17,3.73,28,14,S,S,FC,210,0,2015000026,3,2,1,7,0,1,0
0.326,0.717,76.2,69.7,2228.767,36.939,-12.7,15.8,23.8,10.311,26.41,-45.887,1.66,3.59,2,0.975,-111.681,-1.805,104.57,-1.213,219.42,50,6.403,8.45,-11.3,67,14,*B,B,CU,214,0,2015000027,0,0,2,1,0,1,0
-0.062,2.905,74.4,67.8,2137.878,39.871,-13.1,15.7,23.7,10.3,24.257,-44.505,1.66,3.59,2,-0.092,-109.031,2.569,119.36,-1.157,160.35,50,6.616,8.81,-10.61,16,5,C,S,CU,215,0,2015000027,1,0,2,2,0,1,0
-1.238,2.628,88.8,81.1,2099.543,226.179,32.3,5.8,23.7,-13.582,30.304,-19.14,1.66,3.59,2,3.455,-130.076,-4.879,164.19,-1.55,167.82,50,6.002,-8.02,7.65,39,11,B,B,SI,216,0,2015000027,1,1,2,3,0,1,0
-0.95,0.824,83.7,77.3,2249.597,229.408,32.4,6.8,23.8,-14.41,24.871,-19.827,1.66,3.59,2,4.057,-122.379,-8.548,153.21,-1.394,216.53,50,6.069,-9.53,8.12,44,13,*B,B,CH,217,0,2015000027,2,1,2,4,0,1,0
-0.608,1.926,73.8,68.2,2190.322,42.988,-13.9,15.8,23.8,11.144,21.966,-44.129,1.66,3.59,2,-0.982,-108.253,0.632,140.18,-1.383,186.78,50,6.53,9.56,-10.32,43,7,C,S,CU,218,0,2015000027,3,1,2,5,0,1,0
0.459,1.389,76.3,70.3,2025.382,38.118,-12.4,15,23.8,9.644,24.351,-44.465,1.66,3.59,2,1.147,-111.907,-0.961,99.5,-1.071,201.28,50,6.469,7.78,-9.97,44,14,T,S,CU,219,0,2015000027,3,2,2,6,0,1,0
-0.438,1.062,89.7,82.2,2714.809,158.383,-32.6,3.2,23.8,9.036,29.116,-9.373,1.57,3.51,2,-8.194,-131.067,-8.982,133.7,2.058,210.11,50,5.244,5.22,13.14,50,13,B,B,FF,225,2,2015000028,0,0,0,1,0,0,0
2.387,2.976,80.1,73.9,1765.312,114.007,-25.5,8.5,23.8,13.05,22.626,-26.362,1.57,3.51,2,-2.384,-117.404,-0.324,26.01,2.2,158.43,50,5.574,9.37,4.12,24,12,B,B,CH,226,2,2015000028,1,0,0,2,0,0,0
-1.252,1.357,90.8,83.3,2697.813,153.608,-36.3,3.4,23.8,10.948,28.735,-10.113,1.57,3.51,2,-10.467,-132.441,-8.357,164.72,1.952,202.14,50,5.296,6.17,12.4,68,13,B,B,FF,227,2,2015000028,2,0,0,3,0,0,0
0.056,3.286,89.2,80.9,2309.073,150.668,-29.9,4.1,23.7,10.179,31.135,-14.06,1.57,3.51,2,-7.311,-130.548,-2.646,114.87,2.134,150.06,50,5.389,5.98,10.6,34,2,S,S,FF,228,2,2015000028,3,0,0,4,0,0,0
0.994,3.415,89.4,81.7,2331.834,161.576,-23.9,3.3,23.7,6.655,29.487,-12.198,1.57,3.51,2,-4.353,-130.999,-2.935,79.11,2.182,146.57,50,5.471,3.86,11.53,64,12,B,B,FF,229,2,2015000028,3,1,0,5,0,0,0
1.025,3.91,87.2,80.7,1158.138,184.511,3.7,5.4,23.8,-0.803,24.775,-22.001,1.45,3.13,2,-3.384,-127.832,0.224,77.93,2.425,133.21,50,5.54,-0.48,6.06,61,12,B,B,FC,233,2,2015000029,0,0,0,1,1,0,0
0.162,2.704,89.2,81.3,2323.291,153.184,-28.6,3.9,23.7,9.437,30.355,-13.506,1.45,3.13,2,-6.804,-130.621,-4.245,110.82,2.096,165.77,50,5.383,5.52,10.88,30,2,S,S,FF,234,2,2015000029,1,0,0,2,1,0,0
0.369,2.954,90.8,82.6,2261.426,150.645,-30,4,23.7,10.166,31.811,-14.1,1.45,3.13,2,-6.6,-133.034,-3.521,102.93,2.15,159.02,50,5.334,5.74,10.17,45,3,S,S,FF,235,2,2015000029,1,1,0,3,1,0,0
-0.417,3.514,91.8,83.8,2265.019,154.243,-27.4,3.5,23.7,9.119,31.159,-13.275,1.45,3.13,2,-8.483,-134.406,-2.339,132.9,2.138,143.9,50,5.347,5.02,10.37,52,11,F,S,FF,236,2,2015000029,1,2,0,4,1,0,0
-1.235,1.406,86.8,81.2,967.359,181,3.5,6,23.9,-0.148,22.633,-23.715,1.45,3.13,2,-8.362,-126.882,-5.128,164.08,2.096,200.82,50,5.31,-0.09,5.07,67,13,X,X,FC,237,2,2015000029,1,2,0,5,1,0,0
-0.704,2.331,89.1,81.6,2447.042,149.454,-32.8,4,23.8,11.17,28.467,-13.247,1.58,3.49,2,-9.031,-130.297,-4.94,143.83,1.966,175.84,50,5.259,6.53,11.01,63,4,F,S,FF,242,2,2015000030,0,0,1,1,1,0,0
0.286,1.65,83.6,77.9,884.162,198.416,6.8,6.9,23.9,-2.357,22.281,-25.096,1.58,3.45,2,-4.479,-122.41,-3.781,106.1,2.333,194.23,50,5.343,-1.54,4.58,47,9,B,B,FC,243,2,2015000030,0,1,1,2,1,0,0
0.39,1.794,85,78.8,1858.632,123.673,-26.5,6.9,23.8,13.26,23.674,-23.34,1.58,3.49,2,-6.944,-124.369,-3.888,102.13,2.117,190.34,50,5.301,8.42,5.56,41,9,F,S,CH,249,2,2015000030,1,1,1,3,0,0,1
-0.831,2.095,86.7,80.7,705.827,190.482,5.2,6.6,23.9,-1.123,24.021,-26.105,1.58,3.49,2,-7.362,-126.862,-2.867,148.68,2.188,182.22,50,5.303,-0.68,3.65,56,13,F,S,FC,250,2,2015000030,1,2,1,4,0,0,1
-1.479,2.118,91,84,2264.594,144.034,-30.9,4.3,23.8,12.186,27.353,-15.381,1.4,3.31,2,-11.523,-132.923,-5.411,173.38,2.022,181.59,50,5.289,6.78,9.31,20,13,B,B,FF,251,2,2015000030,1,2,1,5,0,0,1
1.071,2.632,83,78.2,1104.242,212.854,12.3,6.6,23.9,-5.027,18.61,-24.39,1.42,3.34,2,-2.342,-121.741,-1.648,76.18,2.463,167.72,50,5.382,-3.27,5.02,55,12,C,S,FC,252,2,2015000030,2,2,1,6,0,0,1
-0.382,1.312,73.6,69,1391.33,310.656,12.1,13.6,23.9,-7.853,18.458,-38.918,1.64,3.61,2,-3.87,-107.937,0.239,131.56,2.296,203.36,50,5.479,-6.64,-5.77,88,13,B,B,CU,256,2,2015000031,0,0,2,1,0,0,1
0.14,1.891,90.7,82.7,2161.347,147.95,-27.8,4.4,23.7,10.486,31.211,-15.426,1.64,3.61,2,-7.24,-132.636,-5.725,111.66,2.146,187.72,50,5.222,5.95,9.46,33,8,X,X,FF,257,2,2015000031,1,0,2,2,0,0,1
0.832,2.752,84.1,78.2,1260.872,156.047,-12.2,6.2,23.9,4.346,22.755,-22.392,1.54,3.37,2,3.955,-123.162,-4.03,85.29,-1.155,164.48,50,6.287,2.81,6.27,66,12,X,X,FC,263,0,2015000032,0,0,0,1,0,0,0
0.334,0.538,73.2,67.6,2068.728,40.737,-12.9,16.2,23.8,9.992,23.305,-43.775,1.47,3.27,2,1.261,-107.374,-1.801,104.27,-1.406,224.25,50,6.381,8.8,-10.28,67,14,B,B,CU,267,0,2015000033,0,0,1,1,0,0,0
-0.083,2.54,88.6,81.2,1709.086,190.458,6.3,4.4,23.8,-2.775,28.936,-17.143,1.47,3.27,2,3.518,-129.749,-5.795,120.16,-1.248,170.2,50,6.123,-1.64,8.84,21,5,X,X,FF,268,0,2015000033,1,0,1,2,0,0,0
0.626,1.707,88.3,81.1,2148.548,205.792,23.1,4.4,23.8,-8.326,28.226,-14.946,1.57,3.5,2,5.895,-129.203,-7.912,93.14,-1.048,192.69,50,5.969,-4.95,10.2,71,9,C,S,FF,272,0,2015000034,0,0,2,1,0,0,0
-1.095,2.376,86.6,79.2,1725.089,189.484,6.9,4.7,23.8,-2.485,28.397,-17.302,1.57,3.5,2,1.049,-126.806,-6.16,158.74,-1.316,174.63,50,6.239,-1.54,9.18,53,13,B,B,FC,273,0,2015000034,0,1,2,2,0,0,0
0.978,0.224,75.7,69.3,1953.206,30.381,-9.9,15.7,23.8,7.553,26.299,-45.057,1.57,3.5,2,2.624,-110.924,-2.574,79.72,-1.049,232.73,50,6.255,6.28,-10.78,41,14,B,B,CU,274,0,2015000034,1,1,2,3,0,0,0
-0.113,1.353,88.4,80.5,2115.636,196.372,15.3,4.1,23.7,-5.316,30.828,-14.081,1.57,3.5,2,3.799,-129.316,-9.178,121.31,-1.197,202.25,50,6.066,-3.19,10.81,39,13,B,B,FF,275,0,2015000034,2,1,2,4,0,0,0
0.073,2.471,89.7,81.9,2325.928,199.381,23.4,3.6,23.7,-6.987,30.578,-12.314,1.57,3.5,2,4.253,-131.318,-6.931,114.22,-1.051,172.06,50,6.08,-4.04,11.45,23,5,F,S,FF,276,0,2015000034,3,1,2,5,0,0,0
0.336,2.492,85.5,79.7,677.649,150.428,-7,7.1,23.9,2.889,23.536,-27.083,1.57,3.5,2,3.013,-125.32,-3.766,104.19,-1.112,171.5,50,6.208,1.8,3.13,33,6,X,X,FC,277,0,2015000034,3,2,2,6,0,0,0
-1.639,1.311,89.9,81.7,2156.646,154.485,-19.8,4.1,23.7,8.4,31.663,-14.576,1.72,3.56,2,-10.852,-131.177,-7.368,179.47,1.944,203.38,50,5.274,4.89,10.21,53,13,B,B,FF,282,2,2015000035,0,0,0,1,0,0,0
-0.825,1.758,86.3,79.5,1308.023,193.945,10.5,5.7,23.8,-2.743,26.647,-21.129,1.72,3.56,2,-6.912,-126.226,-4.848,148.45,2.175,191.31,50,5.413,-1.71,6.83,66,13,C,S,FC,283,2,2015000035,1,0,0,2,0,0,0
1.208,2.443,87.4,80.4,1732.464,118.684,-25.9,6.9,23.8,13.416,27.261,-24.834,1.72,3.56,2,-5.242,-128.062,-2.677,70.95,2.232,172.82,50,5.451,8.11,4.39,39,14,B,B,SI,284,2,2015000035,1,1,0,3,0,0,0
0.975,3.392,89,80.4,2042.137,156.55,-21.2,4.1,23.7,7.305,32.521,-15.335,1.72,3.56,2,-4.742,-130.4,-2.156,79.84,2.272,147.2,50,5.413,4.33,9.93,62,12,B,B,FF,285,2,2015000035,2,1,0,4,0,0,0
-0.702,2.807,88.2,80.1,2098.29,153.969,-21,4.3,23.7,8.19,30.55,-15.406,1.72,3.56,2,-8.514,-129.026,-3.51,143.76,2.023,162.99,50,5.395,4.93,10.05,46,4,C,S,FF,286,2,2015000035,3,1,0,5,0,0,0
0.302,2.446,84.7,78.2,1094.89,197.842,8.9,6.3,23.8,-2.871,25.21,-23.255,1.72,3.56,2,-4.544,-124.153,-2.467,105.49,2.396,172.74,50,5.391,-1.84,5.68,35,6,D,X,FC,287,2,2015000035,3,2,0,6,0,0,0
0.318,1.025,72.7,67.3,940.998,289.537,11.2,12.6,23.8,-6.513,20.183,-34.485,1.59,3.45,2,-2.424,-106.548,-1.316,104.88,2.218,211.11,50,5.586,-5.73,-2.1,66,14,B,B,CU,291,2,2015000036,0,0,0,1,1,0,0
-1.635,2.235,85.6,78.8,987.655,167.195,0.1,6.3,23.8,1.889,26.339,-23.864,1.59,3.45,2,-9.743,-125.181,-2.809,179.32,2.159,178.44,50,5.334,1.2,5.21,20,13,B,B,FC,292,2,2015000036,1,0,0,2,1,0,0
-0.796,2.702,88.8,80.5,2233.295,154.164,-23.7,4,23.7,8.718,31.573,-14.17,1.59,3.45,2,-8.744,-129.947,-3.873,147.34,1.965,165.83,50,5.314,5.19,10.67,47,11,F,S,FF,293,2,2015000036,2,0,0,3,1,0,0
1.941,2.231,85.2,79.4,1897.803,126.479,-28.6,6.6,23.9,13.13,22.437,-22.466,1.59,3.45,2,-3.46,-124.829,-3.257,43.01,2.268,178.54,50,5.378,8.23,6.04,21,14,B,B,CH,294,2,2015000036,2,1,0,4,1,0,0
-0.49,2.436,90.1,82.1,2177.802,153.229,-24.2,4,23.7,8.916,30.901,-14.502,1.59,3.45,2,-8.344,-131.86,-4.615,135.68,2.067,173.01,50,5.296,5.12,10.11,39,4,F,S,FF,295,2,2015000036,3,1,0,5,1,0,0
-0.912,2.077,89.6,82.4,2288.817,137.334,-33.4,5,23.8,13.997,27.793,-16.988,1.59,3.45,2,-10.329,-130.908,-4.845,151.76,2.038,182.7,50,5.225,8.07,8.71,57,13,D,X,FF,296,2,2015000036,3,2,0,6,1,0,0
-0.397,2.326,87.5,81.2,1032.188,189.234,6.2,5.8,23.8,-1.464,25.35,-23.171,1.82,3.67,2,-6.185,-128.203,-3.395,132.13,2.156,175.98,50,5.467,-0.88,5.34,53,7,E,X,FC,303,2,2015000037,0,0,0,1,1,0,1
1.019,2.254,88.9,82.1,1909.25,114.396,-29.2,7,23.8,15.602,27.059,-25.098,1.73,3.68,2,-6.201,-130.178,-3.184,78.16,2.251,177.92,50,5.391,9.08,4.08,69,14,B,B,SI,310,3,2015000038,0,0,0,1,1,1,0
-0.55,2.932,87.6,81.3,1327.127,184.914,6,5.1,23.8,-1.005,24.635,-20.488,1.73,3.68,2,-6.618,-128.22,-2.307,137.96,2.134,159.62,50,5.429,-0.6,6.92,37,4,X,X,FC,316,3,2015000038,1,0,0,2,0,1,1
1.696,2.123,91.6,83.8,2351.142,115.481,-37,6.8,23.8,19.616,31.483,-22.826,1.68,3.57,0.881,-6.349,-134.083,-5.617,52.35,2.693,181.46,50,5.895,10.88,5.14,37,14,S,S,FT,323,3,2015000039,0,0,1,1,0,1,1
-0.613,2.997,92.7,85.7,1978.622,159.26,-16.1,3.6,23.8,6.548,28.308,-14.883,1.68,3.57,0.913,-9.706,-135.569,-4.866,140.37,2.551,157.86,50,5.846,3.5,9.21,49,1,S,S,FF,324,3,2015000039,0,1,1,2,0,1,1
0.378,1.927,92.8,85.7,2427.325,162.244,-23.9,2.9,23.8,6.922,28.532,-10.559,1.68,3.57,0.914,-7.266,-135.653,-8.375,102.59,2.606,186.75,50,5.783,3.7,11.51,45,9,S,S,FF,325,3,2015000039,0,2,1,3,0,1,1
4.828,5.211,68.3,63.3,1392.787,181.973,-0.5,8.8,23.8,-0.331,15.265,-22.576,1.57,3.51,0,3.49,-100.036,2.726,0,3.107,98.08,50,6.714,-0.33,9.34,0,12,I,B,IN,329,3,2015000040,0,0,2,1,0,1,1
4.721,5.647,74.1,68.3,1515.334,163.24,-9.9,7.2,23.8,3.272,18.744,-21.31,1.57,3.51,0,2.209,-108.627,2.89,0,3.337,86.31,50,6.614,2.73,9.02,0,12,I,B,IN,330,3,2015000040,1,0,2,2,0,1,1
5.134,4.982,72.2,67.1,1603.063,167.942,-8.1,7.3,23.8,2.444,16.623,-20.734,1.57,3.51,0,3.219,-105.869,1.753,0,3.322,104.27,50,6.502,2.14,9.93,0,12,I,B,IN,331,3,2015000040,2,0,2,3,0,1,1
4.976,4.922,71,65.1,1531.489,175.212,-4,7.8,23.8,0.917,18.546,-21.23,1.57,3.51,0,3.201,-104.036,1.853,0,3.304,105.89,50,6.548,0.84,9.98,0,12,I,B,IN,332,3,2015000040,3,0,2,4,0,1,1
1.036,2.21,90.3,82.8,2399.841,120.211,-37.4,6.5,23.8,18.89,29.902,-21.175,1.45,3.13,0.854,-7.949,-132.144,-5.717,77.51,2.696,179.11,50,5.972,10.75,6.22,58,14,M,S,FT,336,3,2015000041,0,0,2,1,1,1,1
-0.614,3.043,91.8,84.2,2007.358,152.498,-21.1,4,23.8,8.575,29.817,-15.704,1.45,3.13,0.912,-9.942,-134.201,-4.37,140.4,2.531,156.62,50,5.815,4.72,9.02,57,1,S,S,FF,337,3,2015000041,0,1,2,2,1,1,1
-1.709,1.136,78.9,73.5,881.867,349.472,4,12,23.9,-1.281,22.358,-39.066,1.45,3.13,0.901,-9.375,-115.324,-2.395,182.14,2.541,208.11,50,5.973,-0.96,-5.2,32,13,B,B,SL,338,3,2015000041,0,2,2,3,1,1,1
1.169,1.504,92.7,84.5,2384.85,110.934,-36.2,7.1,23.7,20.811,33.869,-24.213,1.45,3.13,0.897,-7.657,-135.547,-7.06,72.44,2.577,198.17,50,5.871,11.36,4.31,66,14,S,S,FT,339,3,2015000041,1,2,2,4,1,1,1
0.431,3.143,83.3,77.5,889.504,152.191,-8.7,7,23.8,3.494,22.536,-25.55,1.67,3.67,2,2.769,-122.146,-2.369,100.57,-1.013,153.92,50,6.307,2.3,4.31,55,3,L,S,FC,345,0,2015000042,0,0,0,1,0,0,0
0.697,2.392,84.2,78.9,967.566,148.53,-10.6,6.8,23.9,4.294,21.116,-25.159,1.67,3.67,2,3.539,-123.325,-4.133,90.43,-1.106,174.2,50,6.175,2.75,4.44,44,6,F,S,FC,346,0,2015000042,0,1,0,2,0,0,0
0.429,3.164,88.2,81.4,1717.238,190.081,6.2,4.3,23.8,-2.678,26.546,-17.114,1.67,3.67,2,3.684,-129.228,-4.458,100.65,-0.808,153.35,50,6.223,-1.58,8.85,39,3,F,S,FF,347,0,2015000042,0,2,0,3,0,0,0
0.783,1.509,74.9,68.5,2069.099,36.838,-12.2,15.8,23.7,9.387,25.157,-44.704,1.67,3.67,2,1.741,-109.776,0.004,87.15,-1.057,198.04,50,6.395,7.94,-10.67,55,14,B,B,CU,348,0,2015000042,0,2,0,4,0,0,0
0.379,4.637,83.8,77.4,987.455,139.739,-12.9,7,23.8,5.405,23.82,-25.792,1.67,3.67,2,2.496,-122.874,0.967,102.55,-1.107,113.58,50,6.426,3.53,4.12,28,12,B,B,FC,349,0,2015000042,1,2,0,5,0,0,0
0.4,2.712,85.2,78.6,925.311,169.448,-4.9,6.5,23.8,1.458,25.719,-24.348,1.67,3.67,2,3.557,-124.814,-3.738,101.75,-1.165,165.56,50,6.24,0.93,4.93,30,6,D,X,FC,350,0,2015000042,2,2,0,6,0,0,0
-0.668,4.388,84.9,78.4,1126.382,136.442,-15,6.7,23.8,6.665,24.869,-25.165,1.43,3.3,2,0.372,-124.576,0.14,142.46,-1.37,120.3,50,6.41,4.24,4.41,55,11,B,B,FC,356,0,2015000043,0,0,0,1,0,1,0
0.503,1.753,88.7,82.4,2069.461,194.609,13.3,3.8,23.8,-4.669,25.043,-14.263,1.43,3.3,2,4.987,-129.76,-8.594,97.83,-1.084,191.45,50,6.176,-2.72,10.38,44,9,X,X,FF,357,0,2015000043,1,0,0,2,0,1,0
1.017,2.364,84.6,78.3,957.615,128.233,-14.3,7.5,23.8,6.424,25.099,-27.113,1.52,3.39,2,3.877,-123.898,-4.021,78.23,-1.106,174.95,50,6.278,4.14,3.21,63,14,B,B,FC,361,0,2015000044,0,0,1,1,0,1,0
1.351,1.759,88.4,81.2,2201.231,183.865,0,3.5,23.8,-1.322,28.12,-12.617,1.52,3.39,2,6.337,-129.19,-8.574,65.5,-1.037,191.29,50,6.101,-0.79,11.58,29,14,B,B,FC,362,0,2015000044,1,0,1,2,0,1,0
-1.405,2.79,84.4,78.1,1176.092,145.698,-12.5,6.6,23.8,5.651,24.367,-23.891,1.52,3.39,2,-1.043,-123.69,-3.628,170.56,-1.452,163.45,50,6.276,3.64,5.29,22,11,B,B,FC,363,0,2015000044,2,0,1,3,0,1,0
0.125,2.428,86.2,79.8,1743.83,203.138,14.8,5,23.8,-5.958,24.573,-18.232,1.52,3.39,2,4.689,-126.138,-5.808,112.24,-1.276,173.22,50,6.22,-3.68,8.57,21,5,C,S,FC,364,0,2015000044,3,0,1,4,0,1,0
0.693,1.823,88.3,81.4,1780.78,196.961,10.7,4.5,23.8,-4.625,27.276,-17.011,1.52,3.39,2,5.627,-129.15,-7.494,90.58,-1.159,189.56,50,6.074,-2.74,8.95,51,9,C,S,FF,365,0,2015000044,3,1,1,5,0,1,0
0.395,2.862,88.3,81.2,2214.586,192.356,12.9,3.5,23.8,-4.225,27.709,-12.889,1.52,3.39,2,4.774,-129.333,-6.058,101.94,-1.152,161.51,50,6.228,-2.5,11.37,40,3,X,X,FF,366,0,2015000044,3,2,1,6,0,1,0
-0.596,2.909,72.4,66.6,2101.096,53.319,-16.4,15.5,23.8,12.33,21.235,-41.358,1.69,3.76,2,-1.332,-106.159,2.108,139.72,-1.38,160.24,50,6.675,11,-8.26,80,4,C,S,CU,371,0,2015000045,0,0,2,1,0,0,1
1.304,2.151,86.9,80.7,1230.385,164.928,-9.4,5.7,23.8,2.807,25.182,-21.752,1.69,3.76,2,5.497,-127.268,-5.963,67.29,-1.102,180.7,50,6.238,1.7,6.28,25,14,B,B,FC,372,0,2015000045,0,1,2,2,0,0,1
0.503,3.483,88.5,80.9,1979.464,184.981,2.3,3.7,23.7,-1.537,29.203,-14.545,1.69,3.76,2,4.134,-129.696,-4.268,97.83,-0.999,144.74,50,6.273,-0.91,10.39,46,3,S,S,FC,373,0,2015000045,1,1,2,3,0,0,1
0.403,1.709,74.9,68.7,1965.943,34.9,-11.1,15.5,23.8,8.521,24.567,-44.388,1.69,3.76,2,1.22,-109.901,-0.194,101.64,-1.092,192.64,50,6.626,7.17,-10.34,42,9,S,S,CU,374,0,2015000045,1,2,2,4,0,0,1
-0.063,2.452,91.5,83.6,2355.086,228.714,38.6,5.4,23.7,-16.343,31.27,-17.824,1.58,3.49,0.921,6.174,-133.978,-3.893,119.4,-1.229,172.58,50,5.213,-9.07,7.92,39,5,C,S,FF,384,3,2015000046,0,0,0,1,0,0,0
0.654,2.81,93.5,84.5,2753.098,207.115,44.2,3.2,23.7,-11.842,35.738,-9.049,1.58,3.49,0.911,6.584,-136.909,-5.262,92.07,-0.977,162.91,50,5.402,-6.36,12.39,46,6,F,S,FF,385,3,2015000046,0,1,0,2,0,0,0
-0.911,2.589,95.1,86.7,2306.472,210.716,36.6,3.8,23.7,-11.314,34.562,-13.132,1.58,3.49,0.915,2.136,-139.322,-5.666,151.73,-0.937,168.88,50,5.534,-5.82,9.76,50,11,F,S,FF,386,3,2015000046,0,2,0,3,0,0,0
0.318,3.151,94,86,2523.003,207.647,39.6,3.3,23.8,-11.115,32.209,-10.957,1.58,3.49,0.907,5.004,-137.73,-4.595,104.88,-0.771,153.7,50,5.589,-5.82,11.07,41,3,X,X,FF,387,3,2015000046,0,2,0,4,0,0,0
0.21,2.937,94.5,85.2,2547.985,207.969,40,3.4,23.7,-11.399,37.025,-10.709,1.64,3.61,0.921,5.079,-138.383,-4.756,109,-0.889,159.48,50,5.423,-6.01,11.27,48,5,F,S,FF,391,3,2015000047,0,0,1,1,0,0,0
-0.246,2.389,95.6,86.4,2406.91,205.421,35,3.3,23.7,-9.968,37.378,-11.203,1.64,3.61,0.915,3.661,-139.957,-6.341,126.38,-0.918,174.28,50,5.449,-5.13,10.75,32,4,F,S,FF,392,3,2015000047,0,1,1,2,0,0,0
0.917,2.938,96.2,87.1,2413.733,210.965,37.5,3.5,23.7,-12.051,36.95,-12.091,1.64,3.61,0.934,6.888,-140.774,-5.024,82.05,-0.788,159.45,50,5.552,-6.11,10.14,54,12,X,X,FF,393,3,2015000047,0,2,1,3,0,0,0
-1.496,2.793,92.2,84.9,2039.074,239.081,34.4,6.1,23.8,-16.296,29.576,-22.414,1.72,3.56,0.878,3.183,-135.149,-2.005,174.02,-1.544,163.37,50,5.119,-8.81,5.24,30,11,B,B,FT,397,3,2015000048,0,0,2,1,0,0,0
-1.242,3.889,92.8,85,1943.996,229.546,33.1,5.3,23.8,-13.88,31.484,-20.339,1.72,3.56,0.68,2.624,-136.128,-0.095,164.34,-1.256,133.78,50,5.339,-7.44,6.3,68,11,B,B,FF,398,3,2015000048,1,0,2,2,0,0,0
0.308,2.28,94.5,85.9,2506.216,213.306,40.4,3.8,23.7,-13.119,34.56,-12.208,1.72,3.56,0.912,6.089,-138.295,-5.895,105.26,-1.045,177.22,50,5.278,-6.86,10.41,36,9,C,S,FF,399,3,2015000048,2,0,2,3,0,0,0
-0.714,2.967,95.5,86.2,2354.686,208.946,37,3.6,23.7,-11,38.143,-12.286,1.72,3.56,0.934,3.031,-140.029,-4.481,144.22,-1.088,158.67,50,5.422,-5.67,10.21,49,11,C,S,FF,400,3,2015000048,2,1,2,4,0,0,0
-0.343,1.94,95.4,86.5,2717.422,213.307,47,3.8,23.7,-14.356,36.088,-10.326,1.72,3.56,0.917,4.605,-139.57,-7.632,130.07,-1.067,186.4,50,5.418,-7.4,11.22,44,7,F,S,FF,401,3,2015000048,2,2,2,5,0,0,0
0.815,2.303,94.5,85.5,3132.444,199.215,53.9,2.2,23.7,-9.822,35.637,-3.995,1.72,3.56,0.876,5.988,-138.211,-8.026,85.93,-0.726,176.6,50,5.538,-5.16,14.78,53,14,F,S,FF,402,3,2015000048,2,2,2,6,0,0,0
0.054,1.113,93.5,85.1,2491.608,236.45,40.5,6,23.7,-19.571,34.295,-19.196,1.72,3.56,0.598,7.172,-136.734,-6.906,114.94,-1.259,208.73,50,5.02,-10.49,6.92,27,14,X,X,FT,403,3,2015000048,2,2,2,7,0,0,0
-1.6,1.989,86.8,79.7,1998.772,195.242,14.9,4.3,23.8,-4.602,27.34,-15.287,1.61,3.59,2,0.659,-127.042,-7.244,177.99,-1.495,185.08,50,6.104,-2.83,10.34,43,13,B,B,FC,408,0,2015000049,0,0,0,1,0,0,0
1.098,1.753,83.6,77.9,1430.297,169.064,-8.2,5.7,23.9,2.29,22.584,-20.324,1.61,3.59,2,4.817,-122.421,-6.403,75.15,-1.084,191.45,50,6.124,1.5,7.71,59,14,B,B,FC,409,0,2015000049,1,0,0,2,0,0,0
-0.323,4.504,82.6,76.9,1179.465,133.648,-16.1,7.1,23.9,7.128,21.218,-25.375,1.61,3.59,2,1.098,-121.166,0.675,129.31,-1.397,117.17,50,6.419,4.74,4.47,27,11,B,B,FC,410,0,2015000049,2,0,0,3,0,0,0
-0.217,2.252,85.4,78.9,1756.836,191.193,7.3,4.8,23.8,-2.941,25.043,-17.314,1.61,3.59,2,2.971,-125.093,-6.072,125.27,-1.179,177.98,50,6.128,-1.85,9.32,29,8,C,S,FC,411,0,2015000049,3,0,0,4,0,0,0
0.156,2.793,87.9,80.4,2025.888,190.456,8.7,3.9,23.7,-3.264,29.049,-14.49,1.61,3.59,2,3.961,-128.778,-5.437,111.05,-1.154,163.37,50,6.069,-1.96,10.58,25,5,S,S,FF,412,0,2015000049,3,1,0,5,0,0,0
-0.162,2.211,89.1,82,2014.302,189.931,9.1,3.8,23.8,-3.124,28.068,-14.335,1.61,3.59,2,2.863,-130.439,-6.999,123.18,-1.039,179.08,50,6.015,-1.82,10.34,31,8,F,S,FF,413,0,2015000049,3,2,0,6,0,0,0
-0.28,2.707,83.7,77.5,1007.672,132.951,-13.3,7.4,23.8,6.237,24.06,-26.368,1.61,3.59,2,0.896,-122.682,-3.126,127.67,-1.181,165.69,50,6.243,4.09,3.76,33,4,X,X,FC,414,0,2015000049,3,2,0,7,0,0,0
-1.474,3.202,86.8,79,2183.999,234.264,34.5,6.6,23.7,-15.541,29.689,-20.992,1.66,3.59,2,2.926,-127.181,-2.858,173.19,-1.399,152.33,50,6.033,-9.63,6.88,42,11,B,B,SI,418,0,2015000050,0,0,1,1,0,0,0
-1.564,3.062,82.5,75.1,2136.778,241.602,31.7,8,23.7,-15.663,27.283,-23.706,1.66,3.59,2,3.056,-120.892,-2.584,176.62,-1.459,156.11,50,6.263,-10.77,5.77,22,11,B,B,CH,419,0,2015000050,1,0,1,2,0,0,0
-0.172,1.906,87.3,80.4,1531.93,184.462,1.4,4.9,23.8,-1.051,27.188,-18.712,1.66,3.59,2,2.875,-127.877,-6.698,123.56,-1.229,187.32,50,6.035,-0.64,8.11,39,8,F,S,FC,420,0,2015000050,2,0,1,3,0,0,0
0.637,2.7,84.3,78.2,1138.906,131.366,-16.4,7.2,23.8,7.282,24.032,-25.762,1.66,3.59,2,2.875,-123.596,-3.448,92.72,-1.15,165.88,50,6.27,4.7,4.09,39,6,X,X,FC,421,0,2015000050,2,1,1,4,0,0,0
0.466,2.09,72.3,66.4,1977.357,48.504,-14.7,15.8,23.8,10.83,22.486,-41.754,1.54,3.37,2,0.863,-106.086,0.994,99.24,-1.212,182.35,50,6.474,9.75,-8.69,79,9,C,S,CU,425,0,2015000051,0,0,2,1,0,0,0
0.656,3.272,87.7,81.2,1570.855,183.751,0.1,4.6,23.8,-0.911,25.426,-18.286,1.54,3.37,2,4.597,-128.54,-3.724,91.99,-1.081,150.44,50,6.151,-0.54,8.22,53,3,F,S,FC,426,0,2015000051,0,1,2,2,0,0,0
1.728,1.531,74.7,69,1773.994,37.521,-11.6,14.9,23.8,8.157,23.017,-42.796,1.54,3.37,2,4.126,-109.526,-0.425,51.13,-1.084,197.44,50,6.385,6.85,-8.99,28,14,B,B,CU,427,0,2015000051,0,2,2,3,0,0,0
0.281,2.2,89.6,82,1553.085,194.494,7.7,4.8,23.8,-3.515,30.276,-18.578,1.54,3.37,2,3.743,-131.18,-6.385,106.29,-0.906,179.38,50,6.071,-2.04,7.84,30,6,D,X,FF,428,0,2015000051,1,2,2,4,0,0,0
0.319,2.921,86,80.1,981.928,177.765,-2.2,6.1,23.9,0.333,23.408,-23.647,1.47,3.27,2,3.38,-126.081,-3.652,104.84,-1.061,159.91,50,6.276,0.2,5.2,53,3,F,S,FC,432,0,2015000052,0,0,2,1,1,0,0
-1.298,0.716,73.1,67.8,1910.008,38.305,-10.9,15.8,23.8,8.75,21.835,-43.251,1.47,3.27,2,-1.806,-107.221,-1.824,166.48,-1.43,219.45,50,6.489,7.66,-9.76,15,13,*B,B,CU,433,0,2015000052,0,1,2,2,1,0,0
0.141,2.832,83.6,77.8,673.482,151.374,-6.5,7.4,23.9,2.727,22.918,-27.178,1.47,3.27,2,2.587,-122.61,-2.969,111.63,-1.157,162.32,50,6.363,1.78,3.21,28,2,X,X,FC,434,0,2015000052,1,1,2,3,1,0,0
-0.4,2.564,91.2,83.2,2556.668,203.502,35.2,3.4,23.7,-9.385,31.505,-10.593,1.59,3.45,2,3.547,-133.54,-6.739,132.25,-1.07,169.55,50,5.9,-5.25,12.03,50,4,X,X,FF,442,3,2015000053,0,0,0,1,0,0,0
0.853,2.216,93.4,85.3,2615.442,194.404,24.6,2.4,23.7,-6.126,32.277,-8.324,1.82,3.67,2,6.151,-136.59,-8.27,84.49,-1.011,178.95,50,5.869,-3.27,12.68,74,14,C,S,FF,446,3,2015000054,0,0,1,1,0,0,0
-0.133,1.1,84,78.6,481.964,123.625,-6.7,8.1,23.9,3.406,22.882,-29.909,1.82,3.67,2,1.331,-123.126,-5.872,122.07,-0.966,209.08,50,6.025,2.2,1.42,17,13,F,S,SL,447,3,2015000054,0,1,1,2,0,0,0
0.614,2.692,92.7,84.2,2635.959,196.158,28.5,2.6,23.7,-6.863,33.741,-8.489,1.82,3.67,2,5.417,-135.72,-7.017,93.6,-0.937,166.1,50,5.925,-3.73,12.85,39,6,S,S,FF,448,3,2015000054,0,2,1,3,0,0,0
0.313,1.552,82.9,76.9,692.797,110.36,-10.4,8.6,23.8,5.438,24.255,-30.156,1.73,3.68,2,1.6,-121.465,-4.595,105.07,-0.829,196.88,50,6.097,3.65,1.3,75,14,S,S,SL,452,3,2015000055,0,0,2,1,0,0,0
2.44,1.676,85.1,79.2,545.467,120.41,-9.6,8,23.9,4.038,24.288,-29.804,1.73,3.68,2,6.706,-124.531,-4.613,23.99,-0.618,193.53,50,6.009,2.56,1.46,30,14,B,B,SL,453,3,2015000055,0,1,2,2,0,0,0
0.007,3.343,84.3,78.1,761.41,125.422,-10.8,7.6,23.8,5.288,23.929,-28.413,1.73,3.68,2,0.903,-123.642,-1.1,116.73,-0.806,148.52,50,6.171,3.41,2.37,24,2,S,S,SL,454,3,2015000055,1,1,2,3,0,0,0
0.772,3.005,92.4,84.6,2073.618,206.137,24.3,3.9,23.8,-8.517,31.002,-14.818,1.73,3.68,2,6.015,-135.262,-4.831,87.57,-0.886,157.65,50,5.862,-4.62,9.38,48,12,D,X,FF,455,3,2015000055,1,2,2,4,0,0,0
-0.933,1.083,91.8,84.3,2252.637,206.819,29.1,4,23.8,-9.411,30.699,-13.56,1.68,3.57,2,3.09,-134.332,-9.617,152.56,-1.429,209.54,50,5.687,-5.18,10.21,65,13,B,B,FF,459,3,2015000056,0,0,2,1,1,0,0
-1.005,1.903,91.8,83.7,2388.111,195.924,23.9,3.2,23.7,-6.071,32.348,-10.897,1.68,3.57,2,1.642,-134.417,-8.171,155.31,-1.191,187.4,50,5.779,-3.36,11.73,61,13,X,X,FF,460,3,2015000056,1,0,2,2,1,0,0
-0.533,1.321,92.7,84.8,1758.227,217.498,24,5,23.8,-10.014,32.567,-19.123,1.57,3.5,2,3.144,-135.737,-7.352,137.32,-1.008,203.11,50,5.419,-5.42,7.03,73,13,X,X,FF,468,0,2015000057,0,0,0,1,0,0,0
-0.567,0.488,91.9,85,2409.412,211.08,35.5,4.1,23.8,-11.517,28.324,-13.068,1.55,3.36,2,3.204,-134.328,-10.454,138.61,-0.957,225.6,50,5.352,-6.29,10.39,54,13,B,B,FF,474,0,2015000058,0,0,1,1,0,0,0
0.37,2.028,89.4,81.7,2021.549,208.594,23.4,4.5,23.7,-8.729,30.011,-16.161,1.55,3.36,2,5.237,-130.884,-6.026,102.9,-1.006,184.02,50,5.589,-5.08,9.27,40,9,C,S,FF,475,0,2015000058,1,0,1,2,0,0,0
-1.93,3.192,91.6,84.1,2234.798,247.821,37.1,6.9,23.8,-19.153,30.434,-24.366,1.55,3.36,2,2.001,-134.272,-1.451,190.57,-1.318,152.6,50,5.481,-10.54,4.26,38,11,B,B,FT,476,0,2015000058,1,1,1,3,0,0,0
-0.719,2.402,91.8,83.6,2226.584,238.569,36.6,6.3,23.7,-17.623,33.285,-21.404,1.55,3.36,2,4.129,-134.572,-4.143,144.41,-1.019,173.93,50,5.507,-9.76,5.92,53,13,F,S,FT,477,0,2015000058,2,1,1,4,0,0,0
-0.92,0.004,85.3,78.6,2532.223,262.387,33.9,9.7,23.8,-21.6,27.801,-29.287,1.55,3.36,2,4.187,-124.853,-7.452,152.07,-0.832,238.67,50,5.474,-13.84,1.8,46,13,B,B,CH,478,0,2015000058,2,2,1,5,0,0,0
0.039,2.032,94.1,85.9,2022.78,203.541,22.8,3.8,23.7,-7.672,33.49,-14.565,1.55,3.36,2,3.635,-137.762,-6.728,115.51,-0.78,183.92,50,5.509,-4.03,9.22,30,8,F,S,FF,479,0,2015000058,3,2,1,6,0,0,0
0.931,0.542,92.3,85.3,2478.829,237.065,39.4,6.1,23.8,-19.326,28.564,-19.655,1.55,3.36,2,8.512,-134.767,-8.846,81.51,-0.902,224.15,50,5.248,-10.48,6.75,54,14,*B,B,FT,480,0,2015000058,3,2,1,7,0,0,0
-0.571,2.112,93,85.8,1915.106,221.435,29.6,4.9,23.8,-11.9,29.566,-18.693,1.43,3.3,2,2.998,-136.221,-5.485,138.77,-0.863,181.76,50,5.441,-6.33,7.13,59,4,F,S,FF,484,0,2015000059,0,0,1,1,1,0,0
-0.055,1.454,94.1,86.6,2481.943,200.685,32.2,3,23.8,-8.318,30.362,-10.145,1.43,3.3,2,3.471,-137.641,-8.706,119.1,-0.769,199.52,50,5.343,-4.33,11.44,37,8,B,B,FF,485,0,2015000059,0,1,1,2,1,0,0
-1.092,1.299,92.2,85.1,2129.353,252.772,33.6,7.3,23.8,-18.937,29.946,-26.302,1.43,3.3,2,3.108,-135.083,-5.679,158.62,-0.925,203.71,50,5.282,-10.27,3.14,73,13,B,B,FT,486,0,2015000059,1,1,1,3,1,0,0
-0.527,1.96,85.5,78.4,2267.149,262.455,31.3,9.1,23.8,-19.412,27.78,-29.603,1.43,3.3,2,4.737,-125.305,-2.997,137.09,-0.85,185.86,50,5.617,-12.34,1.59,42,7,F,S,CH,490,0,2015000059,2,1,1,4,0,1,0
-2.387,1.338,84.9,78.5,2051.118,267.128,28.4,9.5,23.8,-17.58,26.592,-31.292,1.43,3.3,2,0.667,-124.502,-4.159,207.99,-1.196,202.65,50,5.639,-11.28,0.52,35,13,B,B,CH,491,0,2015000059,2,2,1,5,0,1,0
-1.028,1.501,84.5,77.4,2197.067,255.832,31.4,8.8,23.8,-18.178,27.618,-27.585,1.43,3.3,2,3.818,-123.8,-4.098,156.18,-1.061,198.25,50,5.52,-11.86,2.95,61,13,S,S,CH,492,0,2015000059,3,2,1,6,0,1,0
0.081,0.867,93.6,86,1771.401,212.561,21.8,4.6,23.8,-8.994,31.32,-18.09,1.52,3.39,2,4.528,-136.862,-8.647,113.91,-0.98,215.37,50,5.315,-4.76,7.42,38,14,B,B,FF,496,0,2015000060,0,0,2,1,0,1,0
-0.642,2.407,92.6,85.3,1931.36,200.922,19.8,3.8,23.8,-6.45,29.687,-15.304,1.52,3.39,2,2.423,-135.669,-5.264,141.47,-1.097,173.79,50,5.439,-3.46,9.01,42,4,C,S,FF,497,0,2015000060,1,0,2,2,0,1,0
-0.562,2.244,84.3,77.9,1801.356,244.512,26.6,7.7,23.8,-13.841,24.661,-25.576,1.52,3.39,2,3.889,-123.491,-3.139,138.42,-0.993,178.19,50,5.684,-8.97,4.23,39,4,C,S,CH,498,0,2015000060,1,1,2,3,0,1,0
1.007,1.21,82.7,76.9,1401.063,90.543,-20.4,9.5,23.8,11.713,23.963,-32.063,1.52,3.39,2,2.52,-121.292,-3.134,78.62,-1.068,206.11,50,5.318,7.87,0.03,58,14,B,B,CU,499,0,2015000060,1,2,2,4,0,1,0
-0.639,3.037,80.7,74.8,1911.466,82.444,-23.8,10.7,23.8,15.447,22.419,-34.223,1.52,3.39,2,-2.22,-118.268,0.5,141.36,-1.105,156.78,50,5.96,10.9,-1.5,41,1,F,S,CU,500,0,2015000060,2,2,2,5,0,1,0
-0.728,2.203,94.1,86.4,2131.101,211.111,31.6,4,23.8,-10.469,31.891,-14.828,1.52,3.39,2,2.219,-137.926,-5.975,144.75,-0.836,179.3,50,5.404,-5.46,9,45,13,X,X,FF,501,0,2015000060,2,2,2,6,0,1,0
0.865,1.825,81.8,75.4,338.231,324.764,1.2,9.8,23.8,-1.612,25.103,-34.456,1.57,3.51,2,4.632,-119.841,-2.336,84.03,-0.955,189.51,50,5.917,-1.12,-1.63,86,14,F,S,SL,511,3,2015000061,0,0,0,1,0,0,0
0.354,3.048,92.9,85.1,2345.794,240.512,38.7,6.2,23.8,-19.15,31.626,-21.345,1.57,3.51,2,6.195,-136.06,-3.606,103.51,-0.624,156.48,50,5.881,-10.28,5.77,44,3,F,S,FT,512,3,2015000061,0,1,0,2,0,0,0
0.249,2.887,92.9,85.1,2627.937,242.57,43.2,6.5,23.8,-21.88,31.855,-20.818,1.57,3.51,2,6.229,-136.091,-4.144,107.51,-0.552,160.83,50,5.884,-11.75,6.06,42,3,F,S,FT,513,3,2015000061,0,2,0,3,0,0,0
1.468,2.184,82.4,76.5,499.849,119.054,-8.1,8.5,23.8,3.638,23.368,-30.153,1.57,3.51,2,4.333,-120.79,-2.681,61.04,-0.668,179.81,50,5.957,2.46,1.32,23,14,B,B,SL,514,3,2015000061,0,2,0,4,0,0,0
1.219,0.16,81.1,75.6,487.575,134.178,-6.7,8.7,23.9,2.861,22.475,-29.394,1.57,3.51,2,4.749,-118.699,-6.636,70.53,-1.067,234.46,50,5.664,2,1.89,40,14,B,B,SL,515,3,2015000061,1,2,0,5,0,0,0
0.33,3.418,93.4,85.5,2392.822,228.175,40.8,5.1,23.8,-16.817,31.937,-17.125,1.57,3.51,0.873,5.949,-136.827,-3.513,104.42,-0.719,146.49,50,5.901,-8.93,7.95,49,3,F,S,FT,516,3,2015000061,2,2,0,6,0,0,0
-1.025,1.791,93.7,85.5,2234.431,244.47,36.8,6.7,23.7,-19.074,34.527,-23.064,1.57,3.51,2,2.621,-137.245,-6.51,156.07,-0.683,190.42,50,5.798,-10.15,4.81,69,13,T,S,FT,517,3,2015000061,2,2,0,7,0,0,0
0.756,1.488,83.1,76,400.204,33.036,-4.1,9.9,23.7,1.832,28.16,-34.991,1.46,3.1,2,3.596,-121.815,-2.7,88.18,-0.911,198.6,50,5.693,1.24,-1.96,86,14,B,B,SL,521,3,2015000062,0,0,1,1,0,0,0
-0.79,1.062,93.4,85.7,2224.513,254.363,34.3,7.4,23.8,-20.183,32.879,-26.525,1.45,3.13,0.921,4.099,-136.688,-7.345,147.11,-0.918,210.11,50,5.631,-10.77,2.98,68,13,X,X,FT,522,3,2015000062,1,0,1,2,0,0,0
-0.189,1.704,93,85.2,2188.029,236.029,35.6,6,23.8,-17.036,32.494,-20.696,1.58,3.49,2,4.73,-136.204,-6.941,124.2,-0.767,192.77,50,5.737,-9.15,6.13,49,8,D,X,FT,526,3,2015000063,0,0,2,1,0,0,0
-1.402,1.793,82.2,76,353.529,27.035,-2.2,9.8,23.8,1.335,24.471,-34.79,1.58,3.52,2,-0.022,-120.524,-2.082,170.44,-1.511,190.37,50,5.754,0.91,-1.84,57,13,B,B,SL,532,3,2015000064,0,0,2,1,0,1,0
-2.192,3.296,93.3,85.2,2156.881,228.16,37.9,5.4,23.7,-15.145,33.117,-18.614,1.58,3.52,0.79,-0.244,-136.735,-3.681,200.55,-1.053,149.79,50,5.954,-8.09,7.2,36,11,B,B,FT,533,3,2015000064,1,0,2,2,0,1,0
1.034,1.018,95.3,86.6,2632.304,236.663,42.7,5.9,23.7,-21.095,35.826,-18.298,1.58,3.52,2,8.334,-139.162,-9.298,77.59,-0.604,211.29,50,5.653,-10.93,7.15,56,14,B,B,FT,534,3,2015000064,2,0,2,3,0,1,0
-0.09,3.214,93.3,84.9,2537.128,212.312,41.2,3.8,23.7,-12.776,33.681,-11.975,1.58,3.52,2,5.147,-136.667,-4.798,120.43,-1.121,152,50,5.833,-6.84,10.78,36,2,C,S,FF,535,3,2015000064,3,0,2,4,0,1,0
0.686,1.511,81.5,75,395.484,75.038,-6.4,9.6,23.8,3.147,25.686,-33.015,1.58,3.52,2,3.427,-119.495,-3.111,90.85,-1.06,197.98,50,5.833,2.2,-0.64,54,14,S,S,SL,536,3,2015000064,3,1,2,5,0,1,0
-1.009,1.856,83.1,76.6,197.474,92.73,-3.1,8.9,23.8,1.657,25.46,-32.095,1.58,3.52,2,0.718,-121.873,-2.474,155.46,-1.452,188.67,50,5.675,1.11,0,53,13,C,S,SL,537,3,2015000064,3,2,2,6,0,1,0
0.734,1.534,93.4,85,2658.936,220.37,41.5,4.4,23.7,-16.18,33.23,-13.143,1.69,3.76,2,12.054,-136.294,-7.96,89.02,-2.639,197.36,50,5.423,-8.7,10.2,80,14,B,B,FF,545,0,2015000065,0,0,0,1,0,0,0
-0.436,2.314,93.1,85.2,2375.223,217.907,36.3,4.3,23.8,-13.692,31.442,-14.591,1.69,3.76,2,9.026,-136.118,-5.58,133.62,-2.85,176.3,50,5.411,-7.34,9.39,41,7,F,S,FF,546,0,2015000065,1,0,0,2,0,0,0
-0.15,1.306,85,78.9,2139.061,254.683,29.6,8.3,23.8,-17.661,23.411,-27.337,1.69,3.76,2,9.744,-124.194,-4.31,122.72,-2.652,203.52,50,5.321,-11.24,3.03,40,13,S,S,CH,547,0,2015000065,1,1,0,3,0,0,0
-1.087,4.146,93.9,86,2556.092,236.574,43.9,5.6,23.8,-20.209,31.18,-18.836,1.69,3.76,2,8.835,-137.432,-0.312,158.43,-2.971,126.84,50,5.543,-10.59,6.95,68,11,B,B,FF,548,0,2015000065,1,2,0,4,0,0,0
0.018,2.204,92.2,84,2506.746,217.514,38.4,4.3,23.7,-14.177,31.863,-13.708,1.69,3.76,2,9.897,-134.736,-5.468,116.31,-2.708,179.27,50,5.245,-7.79,10.1,28,8,F,S,FF,549,0,2015000065,2,2,0,5,0,0,0
0.353,2.354,85.9,79,2347.081,247.729,33.5,7.6,23.8,-18.792,25.728,-24.478,1.69,3.76,2,11.307,-125.521,-2.504,103.54,-2.68,175.22,50,5.36,-11.79,4.78,35,9,C,S,CH,550,0,2015000065,2,2,0,6,0,0,0
-0.534,1.663,84.2,78.8,359.168,100.431,-6.5,8.4,23.9,3.004,22.379,-31.621,1.61,3.59,2,4.396,-123.379,-3.333,137.35,-2.583,193.88,50,5.67,1.93,0.31,79,7,C,S,SL,554,0,2015000066,0,0,1,1,0,0,0
1.041,1.389,84,77.8,400.706,104.143,-8.3,8.6,23.8,3.29,25.009,-31.345,1.61,3.59,2,7.747,-122.84,-3.759,77.32,-2.438,201.28,50,5.612,2.16,0.5,61,14,S,S,SL,555,0,2015000066,0,1,1,2,0,0,0
0.03,1.714,95.1,87.3,2602.171,218.766,42.9,4.1,23.8,-15.595,31.328,-12.755,1.61,3.59,2,9.564,-138.857,-7.927,115.86,-2.421,192.5,50,5.456,-7.99,9.92,33,8,X,X,FF,556,0,2015000066,0,2,1,3,0,0,0
-1.459,2.111,93.5,85.5,2948.067,233.916,50.2,5.8,23.7,-22.472,32.367,-15.797,1.66,3.59,2,8.042,-136.839,-5.8,172.61,-2.895,181.78,50,5.354,-11.94,8.66,44,13,B,B,FF,560,0,2015000067,0,0,2,1,0,0,0
-1.258,1.062,93.7,85.6,3214.267,230.523,55.1,5.7,23.7,-23.417,32.527,-12.887,1.66,3.59,2,8.412,-136.929,-8.939,164.95,-2.767,210.11,50,5.268,-12.43,10.2,47,13,B,B,FF,561,0,2015000067,1,0,2,2,0,0,0
-0.498,1.945,86.2,79.2,2439.619,248.312,35.3,7.8,23.8,-19.696,26.635,-24.341,1.66,3.59,2,9.582,-126.05,-3.587,135.98,-2.759,186.27,50,5.362,-12.29,4.84,45,7,S,S,CH,562,0,2015000067,2,0,2,3,0,0,0
-1.281,1.885,94.3,85.8,2899.302,232.982,49.5,5.7,23.7,-22.011,34.528,-15.577,1.81,3.67,2,7.767,-137.943,-6.568,165.83,-2.649,187.89,50,5.372,-11.58,8.69,64,13,C,S,FF,563,0,2015000067,2,1,2,4,0,0,0
0.139,0.927,86,78.9,2713.32,256.064,36.6,8.8,23.8,-22.794,27.228,-26.518,1.66,3.59,2,11.293,-125.573,-5.303,111.7,-2.564,213.75,50,5.244,-14.38,3.52,21,14,B,B,CH,564,0,2015000067,2,2,2,5,0,0,0
-0.806,0.988,86.2,79.7,2245.316,244.803,32.7,7.5,23.8,-17.656,25.465,-23.867,1.66,3.59,2,8.438,-126.078,-5.788,147.72,-2.771,212.1,50,5.238,-10.96,5.11,44,13,B,B,CH,565,0,2015000067,3,2,2,6,0,0,0
0.445,1.234,94.9,86.2,2809.052,224.806,46.5,4.8,23.7,-18.904,35.452,-13.142,1.54,3.37,2,10.02,-138.542,-9.708,100.04,-1.962,205.46,50,5.696,-9.88,9.91,69,14,B,B,FF,569,0,2015000068,0,0,2,1,1,0,0
-0.001,2.621,93.7,85.1,2900.171,212.096,50,3.6,23.7,-14.561,34.076,-8.959,1.54,3.37,2,7.779,-137.084,-6.709,117.04,-1.886,168.01,50,5.733,-7.76,12.33,22,5,F,S,FF,570,0,2015000068,1,0,2,2,1,0,0
0.123,2.352,94.8,86.6,2329.861,226.702,37.8,4.9,23.7,-16.21,33.721,-16.9,1.54,3.37,2,8.321,-138.688,-6.195,112.31,-1.839,175.28,50,5.76,-8.4,7.88,25,5,F,S,FF,571,0,2015000068,1,1,2,3,1,0,0
0.52,0.474,86.4,80.3,597.775,123.508,-9.8,7.8,23.8,4.341,25.808,-29.3,1.54,3.37,2,5.523,-126.352,-7.071,97.18,-2.043,225.98,50,5.664,2.69,1.73,30,14,W,S,SL,572,0,2015000068,1,2,2,4,1,0,0
0.352,2.263,94.3,86.8,2836.73,214.044,48.8,3.7,23.8,-15.09,30.352,-9.84,1.72,3.56,2,9.062,-137.85,-7.549,103.58,-1.958,177.68,50,5.699,-7.83,11.56,54,9,C,S,FF,580,3,2015000069,0,0,0,1,0,0,0
-0.326,1.692,95.3,87.2,2618.125,238.725,43.1,5.9,23.8,-21.497,33.62,-19.117,1.72,3.56,2,8.5,-139.373,-7.254,129.43,-1.996,193.1,50,5.607,-11.02,6.65,53,13,F,S,FT,581,3,2015000069,0,1,0,2,0,0,0
-1.241,3.547,95.4,87.1,2417,198.969,30.7,2.7,23.7,-7.571,33.826,-10.15,1.72,3.56,2,3.872,-139.79,-4.26,164.3,-2.148,143.01,50,5.767,-3.86,11.18,65,11,B,B,FF,582,3,2015000069,0,2,0,3,0,0,0
1.298,1.604,96.4,87.2,2848.91,216.985,47.6,3.8,23.7,-16.619,37.305,-10.109,1.72,3.56,2,11.328,-140.67,-9.077,67.52,-1.719,195.47,50,5.563,-8.45,11.18,38,14,B,B,FF,583,3,2015000069,1,2,0,4,0,0,0
1.131,-0.908,84.6,78.1,393.483,348.588,-1.3,9.9,23.8,-0.663,27.871,-35.458,1.72,3.56,2,8.034,-123.525,-8.287,73.89,-2.127,0,50,5.527,-0.44,-2.2,41,14,B,B,SL,584,3,2015000069,2,2,0,5,0,0,0
-0.279,2.656,94.1,85.7,1851.495,215.841,24.7,4.5,23.7,-10.302,34.284,-17.912,1.72,3.56,2,6.286,-137.859,-4.705,127.63,-1.898,167.07,50,5.615,-5.42,7.47,27,4,X,X,FF,585,3,2015000069,3,2,0,6,0,0,0
1.217,2.804,94.3,85.9,2339.657,198.624,21.4,2.9,23.7,-7.101,33.75,-11.105,1.59,3.45,2,9.229,-137.866,-5.664,70.61,-1.705,163.07,50,5.65,-3.73,11.03,68,12,B,B,FF,589,3,2015000070,0,0,1,1,0,0,0
-1.002,2.325,94.1,86,2322.034,233.734,38.7,5.6,23.7,-17.787,33.293,-19.125,1.59,3.45,2,5.995,-137.83,-5.478,155.19,-2.003,176.01,50,5.648,-9.33,6.81,58,13,C,S,FT,590,3,2015000070,1,0,1,2,0,0,0
0.836,2.89,95.4,86.4,2671.018,208.204,41.8,3.1,23.7,-12.134,35.997,-9.549,1.59,3.45,2,9.018,-139.447,-5.676,85.13,-1.65,160.75,50,5.604,-6.26,11.64,56,12,X,X,FF,591,3,2015000070,1,1,1,3,0,0,0
0.354,2.886,83.9,77.3,907.935,96.161,-15,8.7,23.8,7.652,25.734,-31.348,1.82,3.67,2,4.082,-122.981,-0.715,103.51,-1.984,160.86,50,5.854,5.03,0.49,59,6,S,S,SL,595,3,2015000071,0,0,2,1,0,0,0
0.098,2.955,94.8,87,2259.657,211.381,32.8,3.7,23.8,-11.251,31.436,-13.729,1.82,3.67,2,7.603,-138.716,-4.927,113.26,-1.928,159,50,5.672,-5.78,9.44,24,5,F,S,FF,596,3,2015000071,0,1,2,2,0,0,0
-1.535,4.501,94.2,85.4,1814.522,232.223,30.3,5.3,23.7,-13.65,35.447,-21.595,1.82,3.67,2,4.392,-138.077,0.528,175.51,-2.226,117.25,50,5.779,-7.19,5.53,31,11,B,B,FT,597,3,2015000071,0,2,2,3,0,0,0
0.848,3.04,95.3,86.7,2466.052,217.01,39.5,3.9,23.7,-14.26,34.603,-13.258,1.82,3.67,2,9.509,-139.362,-4.956,84.68,-1.673,156.7,50,5.734,-7.33,9.69,55,12,F,S,FF,598,3,2015000071,1,2,2,4,0,0,0
1.29,0.407,85.1,78.7,401.562,44.658,-6.1,9.4,23.8,2.421,26.863,-34.624,1.82,3.67,2,7.62,-124.44,-5.436,67.83,-2.024,227.79,50,5.515,1.56,-1.62,40,14,B,B,SL,599,3,2015000071,1,2,2,5,0,0,0
2.456,0.033,85.2,78.8,714.537,130.313,-12.2,8,23.8,4.671,26.953,-28.211,1.82,3.67,2,9.451,-124.374,-7.561,23.38,-1.797,237.89,50,5.48,3.01,2.5,16,14,B,B,SL,600,3,2015000071,2,2,2,6,0,0,0
1.207,0.808,84.2,77.6,663.87,87.795,-11.6,9.1,23.8,5.636,27.189,-32.391,1.82,3.67,2,6.603,-123.257,-4.902,70.99,-2,216.96,50,5.594,3.71,-0.19,40,14,B,B,SL,601,3,2015000071,3,2,2,7,0,0,0
-0.215,3.586,93,84.9,2283.186,204.448,28.8,3.3,23.7,-8.874,32.376,-12.656,1.73,3.68,2,6.411,-136.238,-3.277,125.2,-1.99,141.96,50,5.69,-4.76,10.44,58,2,S,S,FF,607,3,2015000072,0,0,2,1,1,0,0
-0.161,3.172,94,85.7,2324.259,198.307,23.9,2.9,23.7,-6.927,33.156,-11.239,1.73,3.68,2,6.06,-137.642,-4.773,123.14,-1.927,153.14,50,5.703,-3.64,10.97,33,2,X,X,FF,613,3,2015000072,0,1,2,2,0,0,1
-0.734,1.747,94.9,87.3,2078.684,209.316,28.9,4,23.8,-9.745,31.79,-14.821,1.47,3.27,2,2.238,-138.903,-8.628,144.98,-0.902,191.61,50,5.883,-5,8.86,72,13,C,S,FF,625,0,2015000073,0,0,0,1,0,0,0
1.735,2.166,96.2,88,2320.694,192.783,14.5,2.6,23.8,-4.977,33.988,-10.241,1.47,3.27,2,7.635,-140.6,-8.564,50.87,-0.699,180.3,50,5.928,-2.5,11,23,14,B,B,FF,626,0,2015000073,0,1,0,2,0,0,0
-0.177,3.388,85.6,78.5,2163.872,239.498,33.3,7.1,23.8,-16.122,26.817,-22.677,1.55,3.15,2,4.38,-125.451,-2.14,123.75,-0.629,147.3,50,6.112,-10.18,5.95,42,11,C,S,CH,627,0,2015000073,1,1,0,3,0,0,0
-0.135,1.445,86.6,80.1,2162.375,233.287,32.7,6.6,23.8,-15.136,25.543,-20.887,1.47,3.27,2,4.426,-126.677,-6.936,122.15,-0.695,199.77,50,5.885,-9.3,6.89,38,13,B,B,CH,628,0,2015000073,1,2,0,4,0,0,0
-0.671,1.812,97.7,89.1,2250.897,196.478,23.7,2.9,23.7,-6.29,36.296,-10.912,1.47,3.27,2,1.869,-142.912,-9.398,142.58,-0.937,189.86,50,5.849,-3.08,10.36,54,7,C,S,FF,629,0,2015000073,2,2,0,5,0,0,0
0.956,4.629,78.4,72.6,1118.656,88.416,-16,10,23.8,8.86,21.061,-32.419,1.57,3.5,2,1.684,-114.949,3.044,80.56,-0.645,113.8,50,6.432,6.61,-0.24,85,12,B,B,CU,633,0,2015000074,0,0,1,1,0,0,0
1.629,1.53,94.4,86.7,2289.755,190.198,9.7,2.8,23.8,-3.854,31.818,-10.753,1.57,3.5,2,7.339,-137.902,-10.12,54.91,-0.81,197.47,50,5.981,-2.01,11.13,33,14,B,B,FF,634,0,2015000074,1,0,1,2,0,0,0
-0.377,2.131,97.1,88.6,2642.416,204.802,42.5,3,23.7,-10.854,35.497,-8.687,1.57,3.5,2,3.344,-142.056,-9.083,131.37,-0.878,181.24,50,5.94,-5.36,11.57,39,7,C,S,FF,635,0,2015000074,2,0,1,3,0,0,0
-0.02,2.926,97.4,89,2223.5,207.373,32.5,3.4,23.7,-10.048,34.938,-12.768,1.57,3.5,2,3.886,-142.586,-6.396,117.76,-0.767,159.78,50,6.015,-4.92,9.46,27,2,F,S,FF,636,0,2015000074,2,1,1,4,0,0,0
-0.087,3.751,97.8,89.6,2407.381,189.614,18.4,2.1,23.8,-3.972,34.3,-8.728,1.57,3.5,2,2.863,-143.308,-5.059,120.32,-0.851,137.5,50,6.088,-1.92,11.28,41,11,S,S,FF,637,0,2015000074,2,2,1,5,0,0,0
0.082,1.057,97.2,89.1,2736.552,210.095,46.4,3.4,23.8,-13.426,33.872,-9.009,1.55,3.36,2,4.671,-141.945,-11.645,113.87,-0.729,210.24,50,5.796,-6.61,11.37,38,14,B,B,FF,641,0,2015000075,0,0,2,1,0,0,0
0.468,0.907,97.3,89.2,3008.287,197.278,46.6,2.1,23.8,-8.748,33.782,-4.052,1.55,3.36,2,5.136,-142.032,-13.086,99.16,-0.809,214.29,50,5.841,-4.3,13.79,35,14,B,B,FF,642,0,2015000075,1,0,2,2,0,0,0
-0.871,2.8,96.3,88.4,2403.655,201.202,33.8,2.9,23.8,-8.456,33.307,-10.377,1.55,3.36,2,1.781,-141.114,-6.923,150.2,-0.965,163.18,50,5.96,-4.21,10.82,55,11,C,S,FF,643,0,2015000075,2,0,2,3,0,0,0
-0.842,2.133,96.7,88.4,2639.428,210.879,45.9,3.5,23.7,-13.219,34.786,-10.069,1.55,3.36,2,2.661,-141.57,-8.712,149.1,-0.945,181.19,50,5.909,-6.57,10.95,54,13,F,S,FF,644,0,2015000075,2,1,2,4,0,0,0
1.377,2.97,86,79.5,2274.763,222.694,33.1,5.5,23.8,-13.388,24.588,-17.663,1.55,3.36,2,7.255,-125.919,-4.012,64.51,-0.457,158.59,50,6.005,-8.3,8.96,26,12,B,B,CH,645,0,2015000075,2,2,2,5,0,0,0
-0.313,3.591,97.4,89.3,2403.943,197.665,30.8,2.5,23.8,-7.178,33.752,-9.637,1.55,3.36,2,3.067,-142.743,-5.054,128.93,-0.949,141.82,50,5.995,-3.49,10.92,51,11,S,S,FF,646,0,2015000075,3,2,2,6,0,0,0
-0.02,1.75,89.5,82.2,1310.692,277.022,16.3,8.5,23.8,-11.74,29.88,-33.62,1.43,3.09,2,7.98,-130.93,-3.66,117.69,-2.23,191.45,50,5.71,-6.82,-0.88,49,8,C,S,CH,3,0,2015000076,0,0,0,1,0,0,0
0.22,1.77,79.1,72.3,2638.415,28.051,-11.9,15.9,23.7,9.92,27.74,-50.79,1.47,3.01,2,3.6,-115.99,1.88,108.65,-2.34,190.94,50,5.91,7.5,-14.14,28,8,F,S,CU,4,0,2015000076,0,1,0,2,0,0,0
-0.38,1.94,92.3,84.3,292.19,295.361,2,7.7,23.7,-2.46,33.81,-33.34,1.47,3.01,2,5.47,-135.17,-4.01,131.33,-2.27,186.37,50,5.83,-1.35,-0.68,30,7,C,S,SI,5,0,2015000076,0,2,0,3,0,0,0
-1.2,1.5,91.2,82.5,1475.902,281.781,18.3,8.8,23.7,-13.31,36.24,-34.95,1.6,3.5,2,5.28,-133.65,-4.44,162.55,-2.24,198.39,50,5.77,-7.57,-1.62,78,13,F,S,SI,9,0,2015000077,0,0,1,1,0,0,0
-0.63,3.31,92.1,83.9,615.75,216.164,4.6,6.3,23.7,-3.38,33.25,-27.55,1.6,3.52,2,4.79,-134.95,-1.29,140.82,-2.19,149.49,50,5.76,-1.86,2.51,54,1,C,S,FF,10,0,2015000077,0,1,1,2,0,0,0
-1.55,3.19,91,82.8,694.023,242.238,9.3,6.9,23.7,-5.65,33.07,-29.2,1.6,3.4,2,3.45,-133.47,-1.46,175.89,-2.45,152.76,50,5.88,-3.18,1.64,36,11,B,B,SI,11,0,2015000077,0,2,1,3,0,0,0
0.44,2.84,91.4,83.9,558.876,260.914,6.1,7.2,23.8,-5.09,30.76,-31.36,1.6,3.5,2,7.81,-133.81,-1.88,100.38,-2.16,162.1,50,5.81,-2.83,0.41,44,6,F,S,SI,12,0,2015000077,1,2,1,4,0,0,0
-0.52,2.33,91.7,83.3,710.107,227.254,7,6.6,23.7,-4.83,34.37,-27.71,1.6,3.5,2,5.33,-134.37,-4.15,136.67,-2.19,175.84,50,5.91,-2.69,2.45,46,4,F,S,SI,13,0,2015000077,1,2,1,5,0,0,0
-0.69,2.17,91.5,83.4,191.496,303.852,0.8,7.7,23.7,-1.47,33.85,-33.16,1.6,3.5,2,4.25,-134.1,-3.52,143.3,-2.2,180.16,50,5.91,-0.82,-0.59,54,7,F,S,SI,14,0,2015000077,1,2,1,6,0,0,0
0.16,-0.46,89,82.9,1398.234,340.145,3.9,10.8,23.9,-4.26,28.33,-43.97,1.6,3.44,2,6.7,-130.13,-7.01,110.98,-2.13,0,50,5.62,-2.49,-6.95,19,14,B,B,CH,15,0,2015000077,1,2,1,7,0,0,0
0.25,2.57,91.9,84,607.597,280.492,6.7,7.6,23.7,-5.54,32.57,-33.2,1.6,3.5,2,6.86,-134.53,-2.34,107.36,-1.95,169.36,50,5.83,-3.06,-0.61,34,6,E,X,SI,16,0,2015000077,2,2,1,8,0,0,0
-0.42,0.55,87.9,81.1,2016.345,311.84,14.8,11.4,23.8,-13.32,29.42,-44.1,1.57,3.28,2,7.17,-128.64,-4.19,133.01,-2.22,224.04,50,5.65,-8.04,-7.24,53,13,B,B,CH,21,1,2015000078,0,0,1,1,0,0,0
0.59,1.78,91.9,83.7,2373.14,298.937,20.9,10.5,23.7,-19.22,34.05,-42.8,1.57,3.41,2,11.29,-134.26,-2.22,94.43,-2.31,190.61,50,5.72,-10.73,-5.97,58,9,C,S,SI,22,1,2015000078,1,0,1,2,0,0,0
-0.38,0.86,87.4,81.6,1757.465,322.827,10.3,11.2,23.9,-9.37,25.98,-44.53,1.57,3.41,2,6.91,-128.01,-3.27,131.45,-2.38,215.56,50,5.63,-5.64,-7.48,27,13,B,B,CH,23,1,2015000078,1,1,1,3,0,0,0
-0.15,1.73,90.5,82.3,1202.584,276.619,15,8.3,23.7,-10.91,33.66,-33.44,1.57,3.41,2,7.06,-132.5,-4.22,122.6,-2.06,192.21,50,5.84,-6.26,-0.77,44,8,C,S,SI,24,1,2015000078,2,1,1,4,0,0,0
1.05,0.77,84.6,78.1,1759.403,2.978,-2.7,12.7,23.8,0.78,28.01,-47.16,1.57,3.41,2,7.88,-123.74,-2.06,77.09,-2.26,217.94,50,5.62,0.51,-9.85,42,14,F,S,SL,25,1,2015000078,2,2,1,5,0,0,0
-0.06,0.52,88.4,82.2,1794.357,311.419,13.5,10.8,23.8,-12,27.67,-42.76,1.57,3.41,2,8.03,-129.38,-4.68,119.1,-2.28,224.69,50,5.64,-7.1,-6.31,16,13,F,S,CH,26,1,2015000078,2,2,1,6,0,0,0
0.14,1.59,91.4,84.4,120.688,285.96,-0.3,7.5,23.8,-1.07,30.06,-32.48,1.57,3.41,2,6.22,-133.78,-5.01,111.78,-2.15,195.93,50,5.83,-0.59,-0.21,46,8,T,S,SI,27,1,2015000078,2,2,1,7,0,0,0
-0.67,1.4,91.8,84,1404.361,289.004,16,8.8,23.8,-12.3,32.9,-36.41,1.57,3.47,2,6.86,-134.39,-4.2,142.54,-2.39,200.93,50,5.61,-6.82,-2.39,75,13,C,S,SI,31,1,2015000079,0,0,2,1,0,0,0
0.34,2.64,78.5,72,2389.689,31.446,-12.5,15.1,23.8,9.88,25.28,-48.33,1.57,3.48,2,3.95,-114.97,3.31,104.08,-2.39,167.47,50,5.94,7.53,-12.37,23,6,C,S,CU,32,1,2015000079,0,1,2,2,0,0,0
-0.13,1.28,87.6,81.4,2158.476,325.504,11,12,23.8,-10.8,27.15,-47.89,1.57,3.32,2,7.7,-128.17,-2,121.99,-2.33,204.17,50,5.82,-6.51,-9.52,38,13,S,S,CH,33,1,2015000079,0,2,2,3,0,0,0
0.13,3.91,81.3,74,702.518,172.426,-4.7,7.6,23.7,0.76,26.44,-26.46,1.53,3.48,2,6.65,-119.04,0.69,112.2,-2.79,133.1,50,6.05,0.54,4,37,12,B,B,FC,38,0,2015000080,0,0,0,1,0,0,0
0.86,2.54,81.9,74.2,685.578,169.215,-5.9,7.9,23.7,1.06,28.69,-26.61,1.53,3.4,2,7.83,-119.86,-2.2,84.22,-2.58,170.28,50,5.9,0.75,3.87,46,12,X,X,FC,39,0,2015000080,1,0,0,2,0,0,0
-0.98,4.3,82.8,75,884.771,238.969,10.4,7.9,23.7,-6.34,28.23,-28.36,1.62,3.68,2,5.31,-121.32,1.71,154.24,-2.65,122.6,50,6.1,-4.34,2.56,57,11,B,B,FT,43,0,2015000081,0,0,1,1,0,0,0
-1.07,2.78,83.1,76.1,909.828,223.917,9.1,7.5,23.8,-5.3,26.41,-26.67,1.62,3.59,2,4.82,-121.84,-1.98,157.75,-2.62,163.67,50,5.94,-3.56,3.65,59,11,C,S,FT,44,0,2015000081,1,0,1,2,0,0,0
1.28,2.37,66.6,61,1702.354,46.679,-13.1,17.6,23.8,8.32,19.46,-40.02,1.62,3.59,2,5.43,-97.46,3.39,68.29,-2.73,174.79,50,6.13,8.91,-8.48,40,14,B,B,CU,45,0,2015000081,1,1,1,3,0,0,0
1.06,1.29,65.5,60.7,1884.756,39.805,-11.8,18.9,23.8,7.98,18.21,-41.75,1.62,3.59,2,4.86,-95.95,2.29,76.67,-2.67,203.87,50,6.01,8.78,-10.61,56,14,B,B,CU,46,0,2015000081,2,1,1,4,0,0,0
0.17,1.67,81.4,74.3,847.709,256.071,9.4,9.1,23.7,-6.75,26.73,-30.5,1.62,3.76,2,7.88,-119.02,-3.3,110.37,-2.59,193.69,50,5.89,-4.79,1.13,42,8,C,S,FT,47,0,2015000081,3,1,1,5,0,0,0
0.01,1.95,82.2,75.4,882.997,239.519,9.5,8.3,23.8,-6.31,25.94,-28.46,1.62,3.59,2,7.27,-120.3,-3.48,116.66,-2.5,186.18,50,5.97,-4.36,2.51,38,8,D,X,FT,48,0,2015000081,3,2,1,6,0,0,0
-2.35,4.4,82.6,74.6,607.756,221.134,6.3,7.9,23.7,-3.34,29.03,-28.35,1.66,3.79,2,1.19,-121.2,1.97,206.58,-2.55,120.01,50,6.09,-2.3,2.58,35,11,B,B,FT,52,0,2015000082,0,0,1,1,0,1,0
,,,,,,,,,,,,1.66,3.62,,,,,63.47479801,,117.3012468,,,,,,,B,B,,53,0,2015000082,1,0,1,2,0,1,0
-1.12,2.28,77.2,70.5,883.206,245.863,10.2,9.7,23.7,-6.28,23.82,-29.36,1.79,3.88,2,4.77,-113.04,-1.71,159.84,-2.64,177.33,50,6.03,-4.94,2.16,53,13,C,S,CH,54,0,2015000082,2,0,1,3,0,1,0
-0.37,3.46,82.6,75.1,1012.429,242.318,12.1,8.1,23.7,-7.48,27.47,-28.25,1.66,3.62,2,6.51,-121.04,-0.11,131.26,-2.45,145.47,50,6.01,-5.13,2.64,54,1,F,S,FT,55,0,2015000082,2,1,1,4,0,1,0
0.47,4.54,82.8,74.6,1099.579,238.383,12.5,7.7,23.7,-7.82,28.96,-27.36,1.66,3.84,2,8.09,-121.16,2.18,99.12,-2.25,116.15,50,6.06,-5.39,3.26,43,12,B,B,FT,56,0,2015000082,2,2,1,5,0,1,0
-0.23,3.5,75,67.7,1020.121,226.237,9.1,9.3,23.7,-5.58,24.22,-26.83,1.66,3.62,2,6.16,-109.88,0.8,125.61,-2.49,144.31,50,6.04,-4.69,4.43,39,2,X,X,CH,57,0,2015000082,3,2,1,6,0,1,0
1.28,3.86,82.9,75.4,877.054,178.203,-5.1,6.9,23.7,0.23,27.2,-24.85,1.66,3.69,2,9.26,-121.21,0.18,68.17,-2.64,134.48,50,5.99,0.16,4.95,82,12,B,B,FF,62,0,2015000083,0,0,2,1,0,0,1
-0.6,4.55,82.3,73.8,816.769,178.735,-3.2,7.2,23.6,0.15,29.96,-25.39,1.66,3.69,2,5.18,-120.53,1.98,140.02,-2.82,115.93,50,6.01,0.11,4.71,39,11,B,B,FF,63,0,2015000083,1,0,2,2,0,0,1
1.05,1.73,66.3,61.8,1913.637,36.405,-11.1,18.4,23.9,7.6,17.06,-42.48,1.66,3.69,2,5.1,-97.08,2.93,77.09,-2.68,192.18,50,6.03,8.07,-11.02,54,14,B,B,CU,64,0,2015000083,2,0,2,3,0,0,1
1.01,2.85,81.7,74.3,691.281,180.199,-3.7,7.7,23.7,-0.02,26.99,-26.48,1.66,3.69,2,8.37,-119.5,-1.31,78.39,-2.56,161.86,50,5.83,-0.01,3.96,47,12,C,S,FF,65,0,2015000083,3,0,2,4,0,0,1
0.24,1.95,73.5,68,1859.806,39.22,-12.4,15.3,23.8,8.73,21.2,-42.87,1.66,3.69,2,4.28,-107.7,1.54,107.78,-2.76,186.1,50,6.02,7.54,-9.3,34,9,F,S,SL,66,0,2015000083,3,1,2,5,0,0,1
0.64,1.58,75.4,69.9,1530.219,24.679,-7.9,14.3,23.8,4.86,21.73,-42.75,1.66,3.69,2,6.75,-110.35,0.4,92.49,-2.99,196.12,50,5.94,3.98,-8.74,53,14,X,X,SL,67,0,2015000083,3,2,2,6,0,0,1
-1.58,3.7,89.1,80.9,1426.7,274.538,19.6,8.4,23.7,-12.8,32.2,-33.19,1.58,3.46,2,4.4,-130.57,0.59,177.34,-2.33,139.01,50,6,-7.55,-0.64,58,11,B,B,CH,73,1,2015000084,0,0,0,1,0,0,0
-0.57,2.31,89.8,81.5,1506.957,290.384,16.8,9.3,23.7,-12.8,33.39,-36.93,1.58,3.51,2,6.48,-131.46,-1.88,138.65,-2.12,176.33,50,5.83,-7.47,-2.82,39,4,F,S,CH,74,1,2015000084,1,0,0,2,0,0,0
0.02,0.43,86.1,80.7,1732.087,292.9,17.7,10.2,23.9,-13.84,23.54,-38.02,1.58,3.45,2,8.95,-125.84,-5.54,116.39,-2.46,227.25,50,5.71,-8.56,-3.66,17,14,B,B,CH,75,1,2015000084,1,1,0,3,0,0,0
-1.46,3.29,89.5,81.8,1433.661,260.571,21.3,7.7,23.7,-12.79,30.8,-30.05,1.58,3.51,2,4.27,-131.2,-1.34,172.8,-2.16,149.9,50,6.07,-7.42,1.19,29,11,F,S,CH,76,1,2015000084,2,1,0,4,0,0,0
-1.12,2.44,90.6,81.8,605.662,207.054,3.2,6.6,23.7,-2.52,35.19,-27.24,1.58,3.44,2,3.69,-132.71,-3.63,159.84,-2.36,172.93,50,5.86,-1.45,2.8,50,13,C,S,FF,77,1,2015000084,2,2,0,5,0,0,0
-1.14,4.02,90.2,82.2,239.956,235.35,1.6,7.2,23.7,-1.8,31.94,-30.93,1.46,3.32,2,4.15,-132.29,0.91,160.34,-2.6,130.16,50,5.97,-1.03,0.67,60,11,B,B,SI,81,1,2015000085,0,0,1,1,0,0,0
-0.37,2.19,89.9,81.6,315.2,258.218,2.5,7.7,23.7,-2.8,33.61,-31.59,1.46,3.1,2,5.74,-131.65,-3.14,130.91,-2.38,179.62,50,5.79,-1.63,0.3,28,4,X,X,CH,82,1,2015000085,1,0,1,2,0,0,0
-1.19,2.47,91.3,82.8,1442.822,279.24,18.7,8.5,23.7,-13.13,34.87,-34.31,1.57,3.37,2,5.25,-133.76,-2.6,162.28,-2.24,172.09,50,5.97,-7.41,-1.25,60,11,B,B,SI,86,1,2015000086,0,0,2,1,0,0,0
-0.36,0.59,86.7,80.5,1441.124,331.883,6.3,11.1,23.8,-5.94,26.99,-43.29,1.57,3.34,2,5.88,-126.88,-4.19,130.87,-2.24,222.74,50,5.73,-3.66,-6.89,26,13,B,B,CH,87,1,2015000086,1,0,2,2,0,0,0
0.97,2.52,90.1,81.8,1999.409,286.394,21.1,9.5,23.7,-17.39,32.71,-37.29,1.57,3.33,2,12.18,-131.53,-1.19,80.18,-2.45,170.63,50,5.79,-10.11,-3.02,56,12,C,S,SI,88,1,2015000086,2,0,2,3,0,0,0
-0.08,2.2,78.6,72.3,2759.895,34.695,-14.5,15.9,23.8,12.48,25.81,-50.2,1.57,3.54,2,2.37,-115.25,2.47,120.05,-2.36,179.38,50,6.04,9.49,-13.76,18,8,X,X,CU,89,1,2015000086,2,1,2,4,0,0,0
0.18,1.6,81.5,74.3,1046.407,273.508,11.6,9.8,23.7,-8.58,27.03,-32.7,1.38,3.49,2,8.47,-119.18,-2.96,110.25,-2.66,195.63,50,5.87,-6.09,-0.43,47,8,B,B,FT,94,0,2015000087,0,0,0,1,0,0,0
-0.57,3.55,80.9,73.1,578.078,197.497,0.6,8.1,23.7,-1.42,27.83,-27.67,1.38,3.37,2,5.03,-118.52,0.2,138.54,-2.6,142.82,50,6.05,-1.02,3.19,60,11,C,S,FF,95,0,2015000087,1,0,0,2,0,0,0
0.72,1.56,65.6,60.7,1930.396,45.677,-13.4,18.6,23.8,9.15,18.11,-41.11,1.38,3.24,2,4.09,-96.12,2.39,89.75,-2.76,196.77,50,6.1,10.02,-9.86,47,14,X,X,CU,96,0,2015000087,1,1,0,3,0,0,0
-0.61,3.26,80.2,72.8,894.647,173.665,-4.2,7.5,23.7,0.8,26.65,-24.97,1.56,3.41,2,4.85,-117.54,-0.9,140.37,-2.8,150.9,50,6.01,0.58,5.21,67,1,C,S,FC,100,0,2015000088,0,0,1,1,0,0,0
-0.58,2.53,67.2,62,1878.814,40.144,-11.7,17.8,23.8,8.22,18.38,-41.92,1.56,3.41,2,2.47,-98.45,3.64,139.26,-2.97,170.5,50,6.28,8.53,-10.2,32,4,X,X,CU,101,0,2015000088,0,1,1,2,0,0,0
0.48,2.88,82.5,74.8,1115.66,193.894,1.1,6.7,23.7,-2.23,28.3,-23.16,1.41,3.32,2,8.02,-120.75,-2.26,98.78,-2.72,161.1,50,5.91,-1.55,6.19,60,3,X,X,FF,105,0,2015000089,0,0,2,1,0,0,0
-0.33,2.35,82,75.6,1600.74,16.976,-6,12.6,23.8,3.87,25.77,-44.85,1.56,3.34,2,4.29,-120.12,1.07,129.43,-2.49,175.3,50,5.92,2.68,-8.83,58,4,C,S,SL,110,1,2015000090,0,0,0,1,0,0,0
1.24,1.8,89.3,81.5,1747.584,302.384,14.7,10.2,23.7,-13.27,31.74,-40.59,1.56,3.41,2,11.11,-130.45,-2.11,69.62,-2.09,190.21,50,5.73,-7.83,-5.01,54,14,B,B,CH,111,1,2015000090,0,1,0,2,0,0,0
0.23,-0.43,86.1,80.7,1639.242,310.651,12.5,11,23.9,-10.78,24.31,-41.43,1.56,3.36,2,8.5,-125.75,-6.74,108.19,-2.32,0,50,5.63,-6.7,-5.8,24,14,B,B,CH,112,1,2015000090,1,1,0,3,0,0,0
-1.23,3.06,89.7,81.3,1592.526,271.294,21.9,8.4,23.7,-14.43,33.48,-32.5,1.56,3.33,2,5.3,-131.49,-0.99,164.04,-2.2,156.13,50,5.9,-8.43,-0.23,55,11,X,X,CH,113,1,2015000090,2,1,0,4,0,0,0
-1.68,3.5,89.5,80.7,1625.274,269.673,23,8.4,23.7,-14.7,34.64,-32.09,1.43,3.21,2,4.23,-131.22,-0.21,180.92,-2.21,144.2,50,6.03,-8.66,0.01,57,11,B,B,CH,117,1,2015000091,0,0,1,1,0,0,0
-0.54,2.42,89.2,80.3,1965.978,286.098,21.9,9.8,23.6,-17,35.4,-37.08,1.43,3.23,2,7.77,-130.57,-1.3,137.7,-2.28,173.33,50,5.8,-10.16,-2.98,36,4,X,X,CH,118,1,2015000091,1,0,1,2,0,0,0
0.87,1.01,78.5,71.6,2698.435,18.276,-8.6,16.8,23.7,6.71,28.97,-52.49,1.47,3.05,2,6.03,-115.03,0.75,84.03,-2.51,211.51,50,5.93,5.21,-15.83,86,14,B,B,CU,122,1,2015000092,0,0,2,1,0,0,0
-0.68,3.15,77.5,70.9,2667.969,29.599,-12.2,16.1,23.7,10.32,25.11,-50.34,1.47,3.01,2,1.93,-113.61,4.91,143,-2.6,153.84,50,6.03,8.07,-14.27,52,11,C,S,CU,123,1,2015000092,1,0,2,2,0,0,0
0.47,2.45,85.8,79,1654.081,330.725,7,11.5,23.8,-7,27.41,-44.66,1.47,3.01,2,7.91,-125.55,0.65,99.05,-2.16,172.58,50,5.85,-4.42,-7.93,35,6,S,S,CH,124,1,2015000092,1,1,2,3,0,0,0
0.35,3.38,90.3,82.5,428.676,211.46,1.2,6.8,23.7,-2.04,31.24,-28.84,1.47,3.01,2,6.26,-132.28,-1.24,103.81,-1.91,147.41,50,6,-1.16,1.86,51,12,X,X,FF,125,1,2015000092,1,2,2,4,0,0,0
-0.08,2.27,81.1,74.4,817.888,248.85,9.1,8.8,23.8,-6.24,25.04,-29.76,1.65,3.38,2,7.3,-118.68,-2.14,120.16,-2.64,177.41,50,5.93,-4.42,1.66,35,5,C,S,FT,130,0,2015000093,0,0,0,1,0,0,0
-0.74,3.24,82.6,75.2,868.998,218.256,7.2,7.5,23.7,-4.49,27.38,-26.48,1.48,3.38,2,5.18,-121.06,-1.19,145.28,-2.53,151.3,50,6.09,-3.07,3.86,67,11,X,X,FT,131,0,2015000093,0,1,0,2,0,0,0
-0.87,2.94,82.7,75.2,1269.738,228.771,14.6,7.4,23.7,-7.97,27.41,-25.19,1.47,3.53,2,6.02,-121.08,-2.01,150.2,-2.7,159.29,50,6.03,-5.47,4.73,65,11,C,S,FT,135,0,2015000094,0,0,1,1,0,0,0
-0.22,1.85,65.6,60.5,1906.2,31.711,-9.5,19.1,23.8,6.64,18.46,-42.92,1.47,3.23,2,3.35,-96.14,3.47,125.31,-2.94,188.78,50,6.09,7.28,-11.86,25,8,S,S,CU,136,0,2015000094,0,1,1,2,0,0,0
0.26,4.85,81.5,74.1,689.763,130.742,-11.3,8.1,23.7,4.3,26.48,-28.47,1.47,3.44,2,5.95,-119.37,3.11,107.28,-2.68,107.88,50,6.12,3.03,2.56,20,12,B,B,SL,137,0,2015000094,0,2,1,3,0,0,0
1.47,1.82,77,71.2,1562.823,37.38,-11.7,13.7,23.8,7.37,23.33,-41.82,1.47,3.49,2,7.63,-112.69,0.44,61.16,-2.74,189.64,50,5.9,5.82,-7.68,24,14,B,B,SL,138,0,2015000094,1,2,1,4,0,0,0
0.44,1.87,77.1,72.1,1500.168,30.745,-9.3,13.4,23.9,5.97,20.58,-42.21,1.47,3.23,2,6.24,-112.93,0.6,100.23,-2.96,188.29,50,5.85,4.62,-7.83,37,9,X,X,SL,139,0,2015000094,2,2,1,5,0,0,0
0.81,3.34,82.8,74.9,706.136,156.193,-8.7,7.7,23.7,2.38,29.09,-26.78,1.53,3.61,2,7.6,-121.13,-0.48,86.09,-2.61,148.71,50,5.93,1.64,3.67,73,12,B,B,FC,143,0,2015000095,0,0,2,1,0,0,0
0.18,2.23,81,73.7,967.07,160.499,-8.8,7.5,23.7,2.64,27.09,-24.72,1.53,3.4,2,6.11,-118.63,-3.12,110.02,-2.69,178.46,50,5.87,1.89,5.29,26,5,F,S,FC,144,0,2015000095,1,0,2,2,0,0,0
0.08,2.2,64.5,59.6,1919.967,39.887,-11.6,19.3,23.8,8.02,17.5,-41.77,1.53,3.4,2,3.27,-94.5,4.08,113.87,-2.86,179.43,50,6.11,9.08,-10.95,19,5,D,X,CU,145,0,2015000095,1,1,2,3,0,0,0
-0.79,4.53,81.2,72.7,1244.124,215.158,10.9,7,23.6,-5.87,29.18,-23.84,1.69,3.81,2,5.71,-118.87,1.57,147.11,-2.71,116.42,50,6.08,-4.23,5.95,55,11,B,B,FT,149,0,2015000096,0,0,2,1,0,1,0
0.43,1.87,67,61.8,2062.982,38.374,-12.2,18.6,23.8,8.66,18.89,-43.11,1.82,3.72,2,3.72,-98.1,3.22,100.46,-2.68,188.34,50,6.05,9.09,-11.56,39,9,C,S,CU,150,0,2015000096,1,0,2,2,0,1,0
-0.04,2.09,66.6,61.1,1894.801,51.543,-14.6,17.8,23.8,9.98,19.28,-40.1,1.62,3.59,2,2.45,-97.58,2.93,118.6,-2.7,182.27,50,6.08,10.64,-8.53,19,8,S,S,CU,151,0,2015000096,1,1,2,3,0,1,0
0.99,1.01,67.7,62.6,1962.769,42.807,-13.2,18,23.8,9.12,19.88,-42.02,1.78,3.76,2,5.04,-99.2,1.24,79.26,-2.83,211.62,50,5.97,9.41,-10.23,38,14,*B,B,CU,152,0,2015000096,1,2,2,4,0,1,0
0.62,1.7,66.8,61.2,2141.851,34.38,-11.4,19.3,23.8,8.16,20.33,-44.1,1.62,3.6,2,4.07,-97.88,3.39,93.56,-2.65,192.96,50,6,8.71,-12.8,46,9,B,B,CU,153,0,2015000096,2,2,2,5,0,1,0
-0.17,2.78,65.6,60,2173.896,36.337,-11.8,19.6,23.7,8.53,19.09,-43.77,1.62,3.59,2,2.53,-96.07,5.48,123.48,-2.73,163.83,50,6.09,9.41,-12.87,18,5,E,X,CU,154,0,2015000096,3,2,2,6,0,1,0
-0.23,3.01,83.1,75.2,988.409,219.052,8,7.3,23.7,-5.22,28.74,-25.74,1.66,3.62,2,6.85,-121.61,-1.58,125.58,-2.64,157.54,50,5.95,-3.56,4.34,42,2,E,X,FT,160,1,2015000097,0,0,2,1,0,0,1
1.12,2.67,84.3,76.6,507.008,177.341,-4.2,7.7,23.7,0.2,29.29,-27.87,1.66,3.56,2,8.49,-123.29,-1.94,74.35,-2.42,166.74,50,5.86,0.13,2.81,64,12,B,B,FF,166,2,2015000098,0,0,2,1,1,0,0
1.04,2.97,83.7,76.3,418.115,189.13,-2.5,7.9,23.7,-0.56,27.75,-28.69,1.66,3.51,2,8.7,-122.44,-1.09,77.55,-2.54,158.56,50,5.91,-0.37,2.28,55,12,B,B,FF,167,2,2015000098,1,0,2,2,1,0,0
0.09,2.57,68,62.5,1780.082,47.796,-13.5,16.9,23.8,9.06,19.47,-40.39,1.66,3.69,2,3.13,-99.68,3.54,113.61,-2.71,169.36,50,6.07,9.22,-8.44,13,5,S,S,CU,168,2,2015000098,2,0,2,3,1,0,0
0.8,2.19,76.9,70.7,1633.002,33.724,-10.9,13.9,23.8,7.04,24.06,-42.72,1.66,3.69,2,6.51,-112.65,1.59,86.39,-2.87,179.62,50,5.86,5.59,-8.42,47,14,X,X,SL,170,2,2015000098,2,1,2,4,1,0,0
0.89,2.28,83,76.3,1669.002,19.605,-7.5,12.6,23.8,4.69,27.26,-45.34,1.6,3.45,2,6.47,-121.49,0.82,83.27,-2.24,177.22,50,5.93,3.19,-9,80,14,C,S,SL,177,1,2015000099,0,0,0,1,0,0,0
-1.41,2.25,85,78.4,1268.054,310.181,10.7,10.4,23.8,-8.32,26.77,-39.2,1.6,3.5,2,4.59,-124.59,-0.96,170.71,-2.59,178.08,50,5.9,-5.33,-4.55,19,13,F,S,CH,178,1,2015000099,0,1,0,2,0,0,0
-0.29,1.57,87.1,79.2,1404.999,277.994,16.8,9.2,23.7,-12.22,31.35,-33.89,1.6,3.5,2,7.63,-127.42,-3.39,127.86,-2.36,196.39,50,5.66,-7.59,-1.11,43,13,F,S,CH,179,1,2015000099,0,2,0,3,0,0,0
0.44,0.03,86.4,79.2,892.811,318.005,5.2,10.1,23.8,-5.2,30.26,-37.95,1.6,3.5,2,7.88,-126.29,-5.85,100.3,-2.32,237.92,50,5.5,-3.28,-3.69,31,14,B,B,CH,180,1,2015000099,0,2,0,4,0,0,0
0.37,5.78,89.7,81.2,556.167,178.181,-4,6.2,23.7,0.16,32.71,-27.14,1.6,3.46,2,6.72,-131.38,4.29,103.05,-2.26,82.85,50,6.16,0.09,2.89,33,12,B,B,FF,181,1,2015000099,1,2,0,5,0,0,0
0.15,0.43,86.6,80.6,1410.483,318.278,9.2,10.7,23.9,-8.2,26.28,-41.37,1.6,3.5,2,7.75,-126.73,-4.48,111.13,-2.29,227.12,50,5.53,-5.05,-5.71,21,14,W,S,CH,182,1,2015000099,2,2,0,6,0,0,0
1.41,1.36,91.2,83.1,1544.672,273.301,18.6,8.3,23.7,-14.15,33.09,-32.99,1.57,3.37,2,11.56,-133.12,-4.93,63.1,-1.98,202.09,50,5.67,-8.02,-0.5,51,14,B,B,SI,186,1,2015000100,0,0,1,1,0,0,0
0.06,1.32,89.7,81.2,1150.355,261.918,15,8,23.7,-10.31,34.7,-30.71,1.57,3.28,2,7,-131.33,-5.43,114.79,-1.89,203.28,50,5.77,-6.07,0.82,35,14,B,B,CH,187,1,2015000100,1,0,1,2,0,0,0
0.59,1.82,90.6,82.2,1525.034,291.557,15.5,9.3,23.7,-12.95,34.31,-37.29,1.57,3.41,2,9.92,-132.46,-2.83,94.36,-2.27,189.72,50,5.69,-7.46,-2.99,58,9,F,S,SI,188,1,2015000100,2,0,1,3,0,0,0
0.88,1.47,79.4,72.4,3010.009,26.281,-12.3,16.9,23.7,10.69,29.37,-53.82,1.57,3.41,2,5.11,-116.36,1.6,83.46,-2.42,199.06,50,6.03,8.1,-16.45,58,14,S,S,CU,189,1,2015000100,2,1,1,4,0,0,0
-0.16,0.54,87.6,80.6,1596.086,307.296,13.1,10.6,23.8,-11.22,29.94,-40.72,1.57,3.29,2,7.38,-128.2,-5.01,122.98,-2.21,224.2,50,5.75,-6.84,-5.25,19,13,B,B,CH,190,1,2015000100,2,2,1,5,0,0,0
1.61,1.5,79.1,72.4,3074.916,25.043,-12.1,17.1,23.7,10.39,28.22,-54.41,1.57,3.41,2,6.18,-115.8,1.92,55.55,-2.15,198.42,50,5.99,7.91,-16.99,29,14,F,S,CU,191,1,2015000100,3,2,1,6,0,0,0
0.34,1.51,78.2,71.3,2766.919,18.279,-8.4,16.9,23.7,6.86,28.44,-52.94,1.57,3.41,2,4.43,-114.67,1.79,104.23,-2.34,198.15,50,6.03,5.35,-16.25,39,14,F,S,CU,192,1,2015000100,3,2,1,7,0,0,0
0.57,-0.35,87.3,81.5,1581.943,308.448,12.6,10.6,23.9,-10.89,26.21,-40.82,1.57,3.4,2,8.85,-127.52,-7.07,95.16,-2.08,248.31,50,5.68,-6.62,-5.29,34,14,*B,B,CH,193,1,2015000100,3,2,1,8,0,0,0
-1.66,2.17,89.1,80.1,1565.712,291.455,17.7,9.7,23.6,-13.12,36.49,-37.33,1.57,3.52,2,4.09,-130.62,-1.73,180.43,-2.26,180.3,50,5.74,-7.87,-3.14,45,13,B,B,CH,197,1,2015000101,0,0,1,1,1,0,0
-0.41,1.85,85.5,78.1,1637.314,339.127,4.9,12,23.7,-5.04,30.54,-45.39,1.57,3.32,2,5.18,-125.33,-0.42,132.48,-2.1,188.72,50,5.8,-3.24,-8.54,41,7,X,X,CH,198,1,2015000101,1,0,1,2,1,0,0
1.18,1.21,84.1,78.7,1993.502,22.994,-9.1,12.8,23.9,6.61,24.4,-47.75,1.58,3.51,2,6.76,-123.14,-0.95,72.06,-2.16,206.14,50,5.64,4.3,-10.19,92,14,S,S,SL,203,1,2015000102,0,0,2,1,1,0,0
-0.63,1.5,90.6,82.2,1121.564,274.565,14.7,8.3,23.7,-10.22,34.49,-32.99,1.58,3.51,2,5.18,-132.62,-4.7,141.17,-1.87,198.23,50,5.77,-5.88,-0.51,63,13,S,S,SI,204,1,2015000102,0,1,2,2,1,0,0
0.4,0.21,87.5,81.4,1962.663,336.242,6.6,12.1,23.8,-6.98,27.97,-48.03,1.58,3.51,2,7.37,-128.06,-4.39,101.91,-1.98,233.14,50,5.73,-4.23,-9.65,28,14,W,S,CH,205,1,2015000102,0,2,2,3,1,0,0
-0.86,3.41,81.2,72.8,1027.769,204.91,5.5,7.3,23.6,-3.55,29.89,-24.53,1.38,3.48,2,4.92,-118.97,-0.93,149.7,-2.65,146.85,50,6.09,-2.56,5.46,73,11,C,S,FT,211,2,2015000103,0,0,0,1,0,0,0
-0.05,2.63,83.7,75.6,1188.679,217.254,10,7,23.7,-6.08,30.23,-24.18,1.38,3.24,2,7.22,-122.58,-3.04,118.94,-2.54,167.91,50,6.01,-4.11,5.35,34,2,F,S,FT,212,2,2015000103,0,1,0,2,0,0,0
0.14,1.71,83,75.1,1046.862,240.483,11.4,8.2,23.7,-7.62,29.4,-27.86,1.38,3.24,2,8.05,-121.35,-3.67,111.85,-2.58,192.61,50,5.74,-5.25,2.92,43,8,F,S,FT,213,2,2015000103,0,2,0,3,0,0,0
-1.48,4.38,84.4,75.7,755.944,164.615,-5.4,7,23.6,1.71,31.62,-25.96,1.38,3.32,2,2.85,-123.69,1.31,173.49,-2.81,120.66,50,6.07,1.14,4.08,20,11,B,B,FC,214,2,2015000103,0,2,0,4,0,0,0
-0.54,2.37,73.6,67.1,1190.52,244.223,13.1,10.3,23.7,-7.96,21.86,-28.33,1.38,3.24,2,6.98,-107.72,-0.9,137.55,-2.95,174.79,50,5.97,-6.9,3.27,34,4,X,X,CH,215,2,2015000103,1,2,0,5,0,0,0
-1.2,3.11,82.5,74.2,1237.434,224.315,13.3,7.3,23.6,-7.2,29.84,-24.8,1.56,3.41,2,5.38,-120.83,-1.34,162.63,-2.83,154.81,50,5.91,-5.01,5.09,67,11,X,X,FT,219,2,2015000104,0,0,1,1,0,0,0
0.67,2.34,84.1,76.4,879.773,214.268,4.6,7.3,23.7,-4.2,29.13,-26.01,1.41,3.41,2,9.19,-123,-2.98,91.5,-2.79,175.49,50,5.82,-2.8,4.06,52,6,C,S,FT,223,2,2015000105,0,0,2,1,0,0,0
0.59,4.03,84.2,76.3,730.478,201.255,0.6,7.1,23.7,-2.25,29.1,-26.39,1.41,3.3,2,8.68,-123.26,0.94,94.4,-2.81,129.89,50,5.91,-1.49,3.79,41,12,B,B,FF,224,2,2015000105,0,1,2,2,0,0,0
-1.71,1.62,82.3,74.8,1221.899,252.15,16.1,8.8,23.7,-9.67,28.36,-29.06,1.41,3.25,2,4.83,-120.62,-3.48,182.18,-2.89,195.01,50,5.71,-6.72,2.11,38,13,B,B,FT,225,2,2015000105,1,1,2,3,0,0,0
-0.78,1.67,72.3,66.5,1288.284,262.329,14.6,11.7,23.8,-9.31,20.02,-30.92,1.41,3.32,2,7.16,-105.79,-1.19,146.73,-3.15,193.72,50,5.82,-8.31,1.05,55,13,S,S,CH,226,2,2015000105,2,1,2,4,0,0,0
0.01,2.57,86.6,78.7,1125.156,172.345,-6.6,6,23.7,1.31,30.37,-22.43,1.41,3.32,2,6.15,-126.77,-3.68,116.66,-2.57,169.42,50,5.87,0.82,6.06,24,5,F,S,FC,227,2,2015000105,2,2,2,5,0,0,0
-0.08,1.77,85,77.9,540.306,199.669,0.5,7.5,23.8,-1.56,27.65,-27.81,1.41,3.32,2,6.44,-124.44,-3.94,120.01,-2.58,190.96,50,5.71,-1,2.77,29,8,C,S,FF,228,2,2015000105,2,2,2,6,0,0,0
-0.91,3.14,76.5,69.5,2691.367,34.146,-13.7,16.5,23.7,11.67,25.98,-49.38,1.46,3.13,2,0.92,-112.07,4.92,151.76,-2.56,153.97,50,6.06,9.46,-14.01,100,11,B,B,CU,233,1,2015000106,0,0,0,1,0,0,0
0.95,2.2,77.4,70.5,2868.829,36.267,-15.8,16.7,23.7,13.27,27.51,-50.26,1.46,3.1,2,4.19,-113.44,3.04,80.83,-2.31,179.43,50,5.98,10.55,-14.44,40,14,B,B,CU,234,1,2015000106,1,0,0,2,0,0,0
-1.47,2,89.1,80.8,1924.241,297.841,18.9,10.4,23.7,-15.31,34.11,-40.26,1.46,3.1,2,5.57,-130.54,-1.75,173.11,-2.48,184.92,50,5.78,-9.11,-4.86,20,13,S,S,CH,235,1,2015000106,2,0,0,3,0,0,0
0.03,2.78,85.8,78.6,662.264,341.301,0.9,9.7,23.8,-1.84,28.73,-37.61,1.46,3.1,2,5.84,-125.72,0.01,115.78,-2.18,163.77,50,5.86,-1.16,-3.49,26,2,D,X,SL,236,1,2015000106,2,1,0,4,0,0,0
-1.21,2.74,85.5,78.2,347.856,349.462,0.1,9.1,23.7,-0.55,28.74,-35.13,1.57,3.32,2,2.45,-125.4,-0.56,163.16,-2.16,164.91,50,5.86,-0.35,-1.93,78,11,B,B,SL,240,1,2015000107,0,0,0,1,1,0,0
-2.5,3.59,88.7,79.9,926.751,250.273,14.6,7.5,23.7,-7.82,34.1,-29.37,1.57,3.54,2,0.47,-130.05,-0.31,1,-2.08,1,50,5.99,-4.69,1.64,32,11,H,B,CH,242,1,2015000107,1,0,0,2,1,0,0
-0.06,1.8,86.6,80.2,1739.039,315.523,12.1,11.1,23.8,-10.65,26.87,-43.02,1.56,3.33,2,7.4,-126.81,-1.5,119.4,-2.17,190.32,50,5.84,-6.57,-6.73,53,8,F,S,CH,246,1,2015000108,0,0,0,1,1,1,0
-0.02,2.8,85.6,78.7,1497.461,335.191,5.5,11.3,23.8,-5.43,27.64,-43.92,1.56,3.33,2,6.25,-125.37,1.06,117.69,-2.11,163.23,50,5.98,-3.44,-7.5,23,2,S,S,CH,247,1,2015000108,0,1,0,2,1,1,0
1.02,-0.84,87.3,80.4,2007.91,302.553,16.5,11.3,23.8,-14.86,30.15,-41.66,1.56,3.33,2,10.37,-127.38,-7.5,78.04,-1.94,0,50,5.51,-9.19,-5.92,45,14,*B,B,CH,248,1,2015000108,0,2,0,3,1,1,0
-0.64,1.22,86.1,79.9,1972.651,331.787,8.4,12.2,23.8,-8.11,27,-47.29,1.56,3.37,2,5.7,-126.16,-1.62,141.36,-2.28,205.95,50,5.7,-5.06,-9.48,57,13,B,B,CH,249,1,2015000108,1,2,0,4,1,1,0
0.2,2.19,91,83.1,1507.741,284.844,17.9,8.8,23.7,-13.38,32.47,-35.72,1.56,3.33,2,7.32,-133.19,-2.65,109.41,-1.62,179.54,50,5.82,-7.56,-2.04,37,5,F,S,SI,250,1,2015000108,2,2,0,5,1,1,0
1.01,1.37,79.1,72.8,2761.921,28.821,-12.6,16.1,23.8,10.64,26.56,-51.51,1.56,3.33,2,4.6,-115.93,1.06,78.62,-2.06,201.84,50,5.92,8.01,-14.62,59,14,S,S,CU,251,1,2015000108,2,2,0,6,1,1,0
-0.34,2.14,90.2,82.7,1252.67,285.43,15.2,8.6,23.8,-11,31.12,-35.21,1.43,3.23,2,5.89,-132.16,-2.76,129.96,-1.79,180.89,50,5.82,-6.29,-1.78,47,4,X,X,SI,255,1,2015000109,0,0,1,1,1,1,0
-2.06,3.62,81.2,72.9,1269.882,262.369,17,9.4,23.6,-10.33,29.9,-30.79,1.62,3.48,2,4.13,-119.07,1.22,195.45,-2.88,141.04,50,5.96,-7.44,0.95,47,11,B,B,FT,262,2,2015000110,0,0,0,1,0,0,0
0.72,0.63,73.5,67.3,646.42,277.271,5.6,11.9,23.8,-4.75,22.48,-32.78,1.48,3.43,2,8.21,-107.47,-3.12,89.59,-2.65,221.91,50,5.82,-4.16,-0.6,40,14,B,B,CH,263,2,2015000110,1,0,0,2,0,0,0
0.03,2.99,81,73.8,534.229,199.661,0.2,8.2,23.7,-1.47,26.4,-28.06,1.48,3.38,2,6.63,-118.64,-0.87,115.89,-2.69,157.94,50,5.96,-1.05,2.89,32,2,E,X,FF,264,2,2015000110,2,0,0,3,0,0,0
-1.54,2.35,81.7,74.2,1033.332,219.366,9.8,7.6,23.7,-5.41,27.8,-25.58,1.47,3.39,2,3.96,-119.75,-2.9,175.78,-2.74,175.36,50,5.92,-3.81,4.59,29,13,B,B,FT,269,3,2015000111,0,0,0,1,0,0,0
-0.15,1.85,66.8,61.6,1940.129,55.28,-15.8,17.5,23.8,10.76,18.89,-39.63,1.47,3.23,2,2.5,-97.89,2.26,122.68,-2.93,188.88,50,6.08,11.36,-7.95,23,8,C,S,CU,270,3,2015000111,1,0,0,2,0,0,0
-0.37,3.11,66.1,60.2,2302.983,38.907,-13,19.7,23.7,9.65,19.95,-44.13,1.47,3.28,2,2.09,-96.79,5.84,131.03,-2.84,154.78,50,6.23,10.54,-13.13,35,1,C,S,CU,271,3,2015000111,1,1,0,3,0,0,0
1.6,3.72,81.2,74.1,770.255,175.181,-5.5,7.5,23.7,0.53,25.75,-25.89,1.47,3.39,2,9.49,-118.78,0.28,55.86,-2.52,138.45,50,5.98,0.38,4.41,34,12,B,B,FC,272,3,2015000111,1,2,0,4,0,0,0
-0.52,3.37,73.6,66.5,1131.84,221.026,9.3,9.3,23.7,-5.52,23.21,-25.83,1.47,3.23,2,6.46,-107.79,0.5,136.78,-2.97,147.84,50,6.05,-4.81,5.47,52,11,D,X,CH,273,3,2015000111,2,2,0,5,0,0,0
-0.52,3.02,82.8,75.6,941.17,172.339,-4.7,6.9,23.7,1.05,26.89,-24.37,1.53,3.52,2,4.74,-121.38,-1.93,136.78,-2.6,157.27,50,5.98,0.71,5.26,58,1,C,S,FC,277,3,2015000112,0,0,0,1,1,0,0
1.1,1.61,76.3,70.7,1221.098,57.834,-13.6,12.5,23.8,7.96,22.09,-37.18,1.53,3.44,2,6.52,-111.72,-0.86,74.92,-2.69,195.39,50,5.86,6.36,-4.06,59,14,B,B,SL,278,3,2015000112,0,1,0,2,1,0,0
0.69,1.92,76.9,71.4,1775.098,43.483,-13.8,13.8,23.8,9.49,22.25,-42.18,1.53,3.4,2,5.24,-112.71,0.65,90.7,-2.64,186.89,50,5.92,7.44,-7.91,47,9,F,S,SL,280,3,2015000112,1,1,0,3,1,0,0
0.65,-0.17,75.2,70.2,873.296,266.324,9.3,10.9,23.9,-6.6,19.47,-31.75,1.53,3.49,2,8.68,-109.87,-4.99,92.22,-2.65,243.37,50,5.5,-5.4,0.28,36,14,B,B,CH,281,3,2015000112,1,2,0,4,1,0,0
1.98,0.1,69.9,66.4,1674.262,23.026,-7.2,16.5,24,4.61,15.9,-43.02,1.53,3.25,2,8.36,-102.12,-0.79,41.41,-2.72,236.16,50,5.76,4.34,-10.28,14,14,*B,B,CU,285,3,2015000112,2,2,0,5,0,1,0
-0.39,2.82,73.6,67.5,1009.515,238.236,10.4,10,23.8,-6.37,20.23,-28.23,1.53,3.4,2,6.74,-107.67,0.11,131.98,-2.87,162.72,50,5.91,-5.47,3.33,34,1,X,X,CH,286,3,2015000112,3,2,0,6,0,1,0
-0.54,2.93,82.7,75.5,1023.186,233.161,11.3,7.8,23.7,-6.84,26.78,-27.05,1.62,3.59,2,6.43,-121.18,-1.63,137.43,-2.64,159.64,50,6.01,-4.67,3.45,52,4,E,X,FT,290,3,2015000113,0,0,1,1,0,1,0
0.26,1.48,83.1,76.9,926.912,250.556,10.9,8.4,23.8,-7.32,24.21,-29.59,1.66,3.92,2,8.08,-121.5,-4.07,107.05,-2.47,198.77,50,5.76,-4.91,1.69,56,14,C,S,FT,297,4,2015000114,0,0,1,1,0,1,0
0.37,2.45,83.6,76.3,1059.141,246.255,12.4,8.1,23.7,-8.17,27.41,-28.58,1.66,3.62,2,8.38,-122.26,-2.24,102.78,-2.41,172.52,50,5.87,-5.48,2.36,43,6,F,S,FT,298,4,2015000114,0,1,1,2,0,1,0
1.24,2.86,82.5,75.6,295.244,146.363,-5.7,8.5,23.8,1.36,26.09,-30.13,1.66,3.62,2,8.43,-120.64,-0.83,69.89,-2.44,161.59,50,5.89,0.94,1.35,47,12,X,X,FC,299,4,2015000114,0,2,1,3,0,1,0
0.76,1.57,68.3,63.6,1956.474,42.578,-13.1,17.4,23.9,9.13,18.1,-42.11,1.66,3.69,2,4.45,-100.06,2,87.99,-2.68,196.53,50,6,9.12,-10.01,100,14,F,S,CU,303,4,2015000115,0,0,2,1,0,1,0
1.87,2.77,82.8,75.7,333.94,179.796,-4.1,8.3,23.7,0.01,26.79,-29.39,1.66,3.61,2,10.3,-120.95,-1.23,45.87,-2.48,163.99,50,5.9,0,1.86,18,12,B,B,FF,304,4,2015000115,0,1,2,2,0,1,0
0.77,1.24,76.1,70.8,867.944,275.574,9,10.9,23.8,-6.62,19.85,-32.82,1.66,3.54,2,8.95,-111.18,-2.37,87.54,-2.62,205.22,50,5.73,-5.29,-0.57,42,14,B,B,CH,305,4,2015000115,1,1,2,3,0,1,0
1.23,2.01,76.2,69.9,1134.099,12.062,-4.6,13.4,23.8,1.82,23.57,-40.69,1.66,3.57,2,8.19,-111.4,0.83,70.04,-2.71,184.54,50,5.9,1.47,-6.97,54,14,B,B,SL,306,4,2015000115,2,1,2,4,0,1,0
0.06,3.17,75.4,69.7,1250.523,35.355,-9.1,13.2,23.8,5.51,21.03,-39.94,1.66,3.69,2,4.98,-110.47,2.92,114.67,-2.81,153.3,50,6.05,4.5,-6.39,23,2,X,X,SL,307,4,2015000115,3,1,2,5,0,1,0
-1.1,2.67,88.5,80.7,1513.589,265.019,21,8.2,23.7,-13.47,30.58,-31,1.47,3.41,2,6.23,-129.6,-1.78,158.74,-2.5,166.64,50,5.77,-8.03,0.66,71,11,C,S,CH,313,1,2015000116,0,0,0,1,0,0,0
-0.39,1.44,90.4,82.2,1211.825,284.544,14,8.7,23.7,-10.7,33.98,-34.95,1.47,3.13,2,7.29,-132.34,-4.42,131.83,-2.41,200.04,50,5.75,-6.17,-1.64,56,13,C,S,SI,314,1,2015000116,0,1,0,2,0,0,0
0.14,0.84,78.9,72.9,2652.636,31.419,-13,15.8,23.8,11.03,26.04,-50.23,1.47,3.01,2,3.5,-115.72,0.06,111.63,-2.48,216.18,50,5.71,8.32,-13.67,14,14,B,B,CU,315,1,2015000116,0,2,0,3,0,0,0
-0.85,1.28,79,72.9,2423.706,36.538,-13.8,15,23.8,11.52,25.42,-47.72,1.47,3.01,2,1.3,-115.82,0.04,149.55,-2.55,204.33,50,5.9,8.64,-11.72,58,13,X,X,CU,316,1,2015000116,1,2,0,4,0,0,0
-1,3.21,79.2,73,2416.921,30.603,-11.8,14.8,23.8,9.84,24.04,-48.81,1.6,3.5,2,1.48,-116.02,3.89,155.04,-2.6,152.19,50,6.2,7.3,-12.41,97,11,B,B,CU,320,1,2015000117,0,0,1,1,0,0,0
-1.56,2.34,89.8,81.8,1232.491,286.081,15.5,8.8,23.7,-10.74,32.54,-35.27,1.6,3.5,2,3.49,-131.57,-2.34,176.54,-2.11,175.68,50,5.9,-6.24,-1.84,18,13,F,S,CH,321,1,2015000117,1,0,1,2,0,0,0
-0.19,1.32,78.6,72.4,2559.834,28.043,-11.3,15.8,23.8,9.56,25.83,-50.12,1.6,3.5,2,2.92,-115.24,0.64,124.36,-2.43,203.11,50,5.97,7.27,-13.71,36,13,S,S,CU,322,1,2015000117,1,1,1,3,0,0,0
-0.88,3.34,91.3,83.5,966.946,233.276,12.7,6.3,23.8,-7.15,31.38,-26.84,1.6,3.5,2,4.5,-133.84,-1.83,150.54,-2.07,148.6,50,5.97,-3.98,2.93,55,11,S,S,SI,323,1,2015000117,1,2,1,4,0,0,0
1.33,1.53,78.4,71.9,2869.995,26.862,-12.3,16.8,23.8,10.26,27.11,-52.43,1.57,3.25,2,5.94,-114.78,1.62,66.49,-2.35,197.47,50,6.04,7.92,-15.71,74,14,B,B,CU,327,1,2015000118,0,0,2,1,0,0,0
-0.14,1.5,89.6,82.4,2109.208,284.601,23.7,9.7,23.8,-18.45,29.92,-36.98,1.57,3.36,2,8.81,-131.14,-3.77,122.41,-2.17,198.17,50,5.75,-10.69,-2.83,34,13,C,S,SI,328,1,2015000118,1,0,2,2,0,0,0
-1.84,2.06,90.6,82.3,1869.179,274.144,25.2,8.8,23.7,-17.06,34.14,-33.41,1.57,3.41,2,3.67,-132.76,-3.53,187.17,-1.99,183.19,50,5.89,-9.77,-0.75,32,13,B,B,SI,329,1,2015000118,1,1,2,3,0,0,0
-0.03,3.08,89.6,81.5,1617.898,280.104,19.8,8.8,23.7,-14.4,31.94,-34.74,1.57,3.41,2,8.21,-131.16,-0.1,118.18,-2.13,155.54,50,5.75,-8.4,-1.54,36,2,F,S,SI,330,1,2015000118,2,1,2,4,0,0,0
-0.03,3.86,89.9,82.7,481.8,209.88,2,6.6,23.8,-2.18,28.66,-28.38,1.57,3.41,2,5.67,-131.76,-0.1,118.11,-2.05,134.48,50,6,-1.24,2.12,20,11,X,X,FF,331,1,2015000118,2,2,2,5,0,0,0
-0.78,3.64,82.5,74.8,1200.848,219.584,11.5,7.1,23.7,-6.37,27.71,-24.47,1.38,3.48,2,6.16,-120.77,-0.71,146.73,-2.82,140.5,50,6.13,-4.4,5.27,74,11,B,B,FT,336,4,2015000119,0,0,0,1,0,0,0
-0.27,3.86,74.2,67.4,1219.351,224.36,11.1,9,23.7,-6.38,22.24,-25.65,1.38,3.44,2,7.09,-108.57,1.11,127.22,-2.9,134.53,50,6.18,-5.44,5.5,25,11,B,B,CH,337,4,2015000119,1,0,0,2,0,0,0
-0.34,2.36,73.5,67.5,886.633,216.447,6,9.6,23.8,-3.91,20.81,-26.88,1.38,3.24,2,6.08,-107.69,-1.43,130.04,-2.78,175.17,50,6.04,-3.37,4.5,28,4,X,X,CH,338,4,2015000119,2,0,0,3,0,0,0
1.41,1.69,80.4,73.5,840.17,211.754,3.3,8.1,23.7,-3.58,25.64,-26.39,1.56,3.63,2,10.08,-117.46,-3.65,63.18,-2.63,193.2,50,5.76,-2.61,4.16,42,14,B,B,FT,342,4,2015000120,0,0,1,1,0,0,0
0.18,1.02,68.4,63.1,1211.358,46.277,-10,15.8,23.8,6.05,19.91,-37.96,1.56,3.56,2,4.6,-100.26,-0.23,110.29,-2.96,211.38,50,6.08,6.09,-5.9,14,14,B,B,CU,343,4,2015000120,1,0,1,2,0,0,0
-0.98,3.01,66.5,60.8,1657.62,46.906,-12.1,17.4,23.7,8.13,18.98,-39.78,1.56,3.6,2,1.54,-97.44,4.2,154.32,-2.91,157.51,50,6.3,8.68,-8.2,45,11,C,S,CU,344,4,2015000120,2,0,1,3,0,0,0
-0.45,1.62,66.1,60.8,1396.787,37.878,-9,17.5,23.8,5.73,19.09,-39.54,1.56,3.41,2,3.27,-96.93,1.93,134.08,-2.98,195.09,50,6.12,6.2,-8.04,40,7,D,X,CU,345,4,2015000120,2,1,1,4,0,0,0
0.44,1.61,77.1,71,1044.559,37.52,-8.7,12.6,23.8,4.95,23.59,-38.62,1.41,3.32,2,5.84,-112.88,-0.97,100.38,-2.71,195.23,50,5.99,3.9,-5.13,73,9,X,X,SL,349,4,2015000121,0,0,1,1,1,0,0
-0.14,2.5,76.6,70.5,2672.955,37.147,-15,16.1,23.8,12.49,24.02,-48.66,1.57,3.32,2,2.34,-112.26,3.48,122.26,-2.49,171.36,50,5.95,9.98,-13.23,62,5,F,S,CU,355,1,2015000122,0,0,0,1,0,0,0
-0.99,2.12,88.9,80.5,1576.573,293.907,16.7,9.8,23.7,-12.94,33.9,-37.91,1.57,3.32,2,5.8,-130.25,-1.86,154.81,-2.27,181.57,50,5.78,-7.73,-3.47,50,13,F,S,CH,356,1,2015000122,0,1,0,2,0,0,0
-0.74,0.55,86.8,80.5,1834.6,322.167,10.9,11.6,23.8,-9.86,27.76,-44.87,1.57,3.58,2,5.73,-127.12,-3.75,145.21,-2.24,223.9,50,5.63,-6.07,-7.86,41,13,B,B,CH,357,1,2015000122,0,2,0,3,0,0,0
-1.09,3.93,90.4,82,680.158,231.974,7.3,6.7,23.7,-4.89,32.96,-28.35,1.57,3.32,2,5.28,-132.41,0.38,158.4,-2.76,132.67,50,5.89,-2.8,2.15,54,11,S,S,SI,358,1,2015000122,1,2,0,4,0,0,0
-0.04,2.52,90.1,81.8,1583.585,296.551,15.6,9.6,23.7,-12.88,33.88,-38.61,1.58,3.51,2,8.45,-131.91,-1.24,118.33,-2.34,170.82,50,5.9,-7.48,-3.78,33,5,X,X,SI,362,1,2015000123,0,0,1,1,0,0,0
-1.06,3.71,89.2,81,1149.447,278.359,15,8.3,23.7,-10.25,32.13,-33.68,1.46,3.1,2,5.4,-130.76,1.02,157.33,-2.39,138.72,50,5.88,-6.03,-0.93,67,11,B,B,CH,367,1,2015000124,0,0,2,1,0,0,0
-0.19,2.28,89.6,82,1213.742,262.705,16.4,7.7,23.7,-10.89,30.74,-30.78,1.46,3.1,2,7.55,-131.23,-2.85,124.13,-2.3,177.14,50,5.7,-6.32,0.77,31,5,F,S,SI,368,1,2015000124,1,0,2,2,0,0,0
0.91,1.42,79.7,73.7,2518.328,25,-10.7,15.4,23.8,8.56,25.42,-50.53,1.46,3.1,2,5.64,-116.68,1.03,82.27,-2.37,200.55,50,5.8,6.32,-13.6,57,14,F,S,CU,369,1,2015000124,1,1,2,3,0,0,0
-1.61,2.82,90.5,82.6,622.362,251.208,8.5,7.2,23.7,-5.39,32.09,-30.34,1.46,3.41,2,3.37,-132.72,-1.64,178.26,-2.5,162.75,50,5.68,-3.06,1,18,11,B,B,SI,370,1,2015000124,1,2,2,4,0,0,0
-0.88,2.07,91.2,83.1,596.038,263.364,7.6,7.5,23.7,-5.45,33.28,-31.54,1.46,3.32,2,4.89,-133.55,-3.49,150.7,-2.36,182.86,50,5.7,-3.07,0.32,60,13,C,S,SI,371,1,2015000124,2,2,2,5,0,0,0
-0.15,2.66,89.9,82.4,1888.481,85.494,-24.2,8.7,23.8,17.08,30.44,-33.52,1.62,3.56,0.891,-8.3,-131.62,-2.3,122.76,1.78,167.04,50,6.05,9.83,-0.82,38,5,C,S,SI,378,4,2015000125,0,0,0,1,0,0,0
0.68,1.63,90.6,83.8,2050.76,90.532,-27.8,8.5,23.8,18.75,28.72,-32,1.62,3.41,0.896,-6.48,-132.65,-5.45,91.23,1.78,194.69,50,6.05,10.54,0.06,64,9,C,S,SI,379,4,2015000125,0,1,0,2,0,0,0
0.96,1.49,90.9,85,1614.143,94.702,-23.4,7.8,23.9,14.76,25.75,-30.96,1.48,3.38,2,-4.99,-133.11,-6.26,80.25,1.8,198.69,50,6.08,8.14,0.63,71,14,F,S,SI,380,4,2015000125,0,2,0,3,0,0,0
1.85,3.38,90.6,83.2,2067.816,91.676,-29.5,8.4,23.8,18.93,30.41,-31.62,1.48,3.45,0.901,-3.94,-132.87,-1.45,46.56,1.97,147.63,50,6.24,10.67,0.27,40,12,B,B,SI,381,4,2015000125,0,2,0,4,0,0,0
-1.56,2.27,84.3,77.9,338.023,32.406,-0.1,9.3,23.8,1.54,25.78,-34.6,1.48,3.4,2,-7.8,-123.33,-2.55,176.27,1.52,177.54,50,6.25,1,-1.63,15,13,B,B,SL,382,4,2015000125,1,2,0,5,0,0,0
0.58,1.36,91.1,83.9,1943.827,73.067,-22.3,9.4,23.8,17.1,30.88,-37.38,1.48,3.38,2,-6.42,-133.41,-4.76,95.08,1.78,202.03,50,5.89,9.57,-2.95,62,14,T,S,SI,383,4,2015000125,2,2,0,6,0,0,0
0.18,2.66,70.5,64.8,2539.38,342.555,6.7,18.9,23.8,-5.42,21.15,-49.42,1.47,3.33,2,-1.94,-103.28,4.71,110.14,1.81,166.91,50,6.4,-5.14,-16.44,67,5,C,S,CU,387,4,2015000126,0,0,1,1,0,0,0
-0.59,2.64,70,63.8,2699.192,345.16,6.3,19.8,23.7,-4.88,22.3,-50.59,1.47,3.25,2,-3.57,-102.4,5.3,139.53,1.81,167.39,50,6.35,-4.76,-18.02,35,4,C,S,CU,388,4,2015000126,0,1,1,2,0,0,0
0.48,2.19,68.9,62.8,2450.271,336.016,8.5,19.5,23.7,-6.93,22.06,-47.75,1.47,3.23,2,-0.93,-100.94,3.87,98.67,1.85,179.6,50,6.42,-6.97,-15.75,28,6,D,X,CU,389,4,2015000126,0,2,1,3,0,0,0
1.24,1.72,91.2,82.6,1945.513,76.488,-23.3,9.4,23.7,17.42,35.88,-36.36,1.53,3.4,2,-5.3,-133.6,-4.21,69.62,2,192.42,50,6,9.9,-2.42,73,14,S,S,SI,393,4,2015000127,0,0,1,1,1,0,0
0.73,1.75,91.3,82.7,2228.378,72.766,-24.6,10,23.7,19.62,36.21,-38.26,1.53,3.4,2,-6.58,-133.74,-3.86,89.14,1.81,191.45,50,6.04,11.14,-3.49,62,14,X,X,SI,394,4,2015000127,0,1,1,2,1,0,0
1.5,1.74,91.5,84.1,2372.821,75.213,-27.4,9.9,23.8,21.2,32.15,-37.77,1.6,3.53,2,-5.02,-134.06,-4.29,60.01,1.87,191.77,50,6.09,11.79,-3.15,46,14,B,B,SI,403,4,2015000128,0,0,2,1,1,0,0
1.63,2.68,91.1,81.9,2278.477,76.186,-26.9,9.9,23.6,20.36,37.77,-37.18,1.6,3.51,2,-4.59,-133.5,-1.93,54.75,1.89,166.5,50,6.18,11.67,-2.91,27,12,B,B,SI,404,4,2015000128,1,0,2,2,1,0,0
0.72,2.56,91.9,83.9,2442.025,77.703,-28.6,9.6,23.7,22.14,33.32,-37,1.6,3.51,2,-7.14,-134.62,-2.21,89.56,1.84,169.55,50,6.05,12.25,-2.71,49,12,F,S,SI,405,4,2015000128,2,0,2,3,1,0,0
0.82,3.3,91.5,84.2,1905.384,69.026,-21.5,9.3,23.8,16.45,30.41,-38.48,1.6,3.51,2,-5.79,-134.14,-0.15,85.67,1.83,149.73,50,6.11,9.08,-3.52,66,12,S,S,SI,406,4,2015000128,2,1,2,4,1,0,0
-0.1,4.07,90.6,83.2,1784.683,90.33,-24.8,8.1,23.8,16.33,29.77,-32.08,1.6,3.34,0.889,-7.17,-132.75,0.32,120.77,1.45,129,50,6.29,9.2,0.01,28,11,B,B,SI,407,4,2015000128,2,2,2,5,1,0,0
-0.62,3.71,90.2,82.1,1722.887,84.046,-21.9,8.5,23.7,15.59,31.92,-33.8,1.6,3.49,2,-8.78,-131.99,0.07,140.71,1.61,138.61,50,6.2,8.97,-0.98,65,11,B,B,SI,408,4,2015000128,3,2,2,6,1,0,0
0.95,4.37,89.7,82,1926.105,84.949,-25.9,8.7,23.7,17.38,30.31,-33.71,1.66,3.83,2,-5.29,-131.42,1.55,80.64,1.7,120.71,50,6.3,10.03,-0.93,61,12,B,B,SI,413,4,2015000129,0,0,2,1,1,1,0
0.43,2.89,90.2,82.3,1903.938,76.609,-22.8,9.2,23.7,16.87,32,-36.19,1.66,3.62,2,-6.76,-132.14,-1.37,100.8,1.78,160.75,50,6.11,9.68,-2.35,43,6,F,S,SI,414,4,2015000129,1,0,2,2,1,1,0
1.11,3.36,91.1,83.2,1593.549,81.028,-21.1,8.5,23.7,14.48,31.96,-34.46,1.66,3.62,2,-4.69,-133.46,-0.89,74.8,1.84,148.17,50,6.2,8.12,-1.32,65,12,S,S,SI,416,4,2015000129,1,1,2,3,1,1,0
0.76,2.75,91.3,83,1473.958,82.453,-19.5,8.4,23.7,13.48,34.37,-33.96,1.66,3.62,2,-5.16,-133.84,-2.39,87.95,1.75,164.61,50,6.14,7.59,-1.05,52,12,F,S,SI,418,4,2015000129,1,2,2,4,1,1,0
1.16,3.67,88.8,81.3,1695.333,84.319,-22.8,8.8,23.8,15.14,29.85,-33.68,1.66,3.62,0.845,-4.28,-130.2,-0.17,72.82,1.68,139.64,50,6.31,8.91,-0.93,71,12,S,S,SI,419,4,2015000129,1,2,2,5,1,1,0
0.09,2.92,88.9,81,614.501,226.954,4.4,7,23.7,-4.03,31.33,-28.41,1.66,3.4,2,8.03,-130.19,-1.46,78.27162909,-2.75,135.6550085,50,5.67,-2.38,2.18,43,2,C,S,FC,429,1,2015000130,0,0,0,1,0,0,0
0,2.52,90.3,81.9,818.037,186.157,-2.2,6,23.7,-0.8,33.7,-24.76,1.57,3.54,2,7.31,-132.25,-3.29,116.85,-2.76,170.79,50,5.64,-0.46,4.24,16,5,X,X,FC,430,1,2015000130,0,1,0,2,0,0,0
-0.65,3.53,88.7,80.7,659.309,174.073,-3.8,6.4,23.7,0.61,31.12,-26.3,1.56,3.42,2,5.04,-129.95,-0.93,141.93,-2.68,143.61,50,5.91,0.36,3.45,73,11,B,B,FC,434,1,2015000131,0,0,1,1,0,0,0
0.24,1.43,91.8,83.9,1384.579,250.84,18.6,7,23.7,-12.1,32.44,-27.97,1.56,3.33,2,9.93,-134.22,-5.25,107.89,-2.66,200.31,50,5.43,-6.72,2.3,54,14,D,X,FT,435,1,2015000131,1,0,1,2,0,0,0
-0.5,1.56,91.4,82.9,1055.782,234.559,12.5,6.6,23.7,-7.93,34.61,-26.53,1.43,3.18,2,7.25,-133.75,-5.19,136.21,-2.7,196.61,50,5.48,-4.47,3.14,59,7,C,S,FT,439,1,2015000132,0,0,1,1,1,0,0
0.15,2.29,92.3,83.3,1098.812,212.325,7.8,5.6,23.7,-5.47,36.13,-23.53,1.43,3.23,2,8.2,-135.06,-4.32,111.13,-2.56,176.95,50,5.62,-3.04,4.76,27,5,F,S,FF,440,1,2015000132,0,1,1,2,1,0,0
0.32,4.15,93.6,85.2,1155.974,224.761,12.3,5.4,23.7,-7.68,33.27,-24.43,1.43,3.25,2,9.97,-136.88,0.86,104.92,-2.86,126.76,50,5.52,-4.09,4.09,30,12,B,B,FF,441,1,2015000132,0,2,1,3,1,0,0
1.84,0.51,74.7,69,2439.916,26.709,-11,17.1,23.8,8.26,23.99,-48.59,1.43,3.13,2,7.44,-109.27,0.13,46.98,-2.56,225.09,50,5.78,7.02,-14.01,12,14,*B,B,CU,442,1,2015000132,1,2,1,4,1,0,0
-0.41,3.45,93,84.6,1701.924,236.696,25.2,5.8,23.7,-13.34,33.24,-23.41,1.43,3.23,0.931,9.16,-136.06,-1.21,132.67,-2.9,145.58,50,5.54,-7.2,4.69,49,11,D,X,FF,443,1,2015000132,2,2,1,5,1,0,0
-0.87,1.44,80.4,73.3,1627.374,311.859,14.7,12.6,23.7,-9.84,27.88,-40.99,1.47,3.01,0.892,-4.57,-117.78,-0.25,150.2,2.05,199.79,50,5.43,-7.19,-6.5,92,13,S,S,SL,451,1,2015000133,0,0,1,1,1,1,0
-1.32,2.05,81.8,74.6,1335.082,313.15,13.1,11.7,23.7,-8.05,28.43,-39.72,1.47,3.01,0.825,-5.66,-119.9,0.43,167.24,1.83,183.48,50,5.48,-5.67,-5.37,17,13,S,S,SL,452,1,2015000133,0,1,1,2,1,1,0
